PokerStars Hand #3435186788: Hold'em No Limit ($0.02/$0.05) - 2017/03/10 23:02:56
Table '#11428969' Seat #2 is the button
Seat 1: Hero ($5 in chips)
Seat 2: PLR_2717984WL ($6.84 in chips)
Seat 3: PLR_2768300UL ($0.84 in chips)
Seat 4: PLR_5137884OV ($5.67 in chips)
Seat 5: PLR_2539370JA ($4.75 in chips)
Seat 6: PLR_1721666YV ($1.12 in chips)
Seat 7: PLR_7207252HA ($4.95 in chips)
Seat 8: PLR_2026339ZV ($1.38 in chips)
Seat 9: PLR_9194547ZG ($5.18 in chips)
PLR_2768300UL: posts small blind $0.02
PLR_5137884OV: posts big blind $0.05
Hero: posts big blind $0.05
*** HOLE CARDS ***
Dealt to Hero [Kc Ks]
PLR_2539370JA: folds
PLR_1721666YV: folds
PLR_7207252HA: calls $0.05 
PLR_2026339ZV: folds
PLR_9194547ZG: folds
Hero: raises $0.17 to $0.22
PLR_2717984WL: folds
PLR_2768300UL: folds
PLR_5137884OV: calls $0.17 
PLR_7207252HA: calls $0.17 
*** FLOP *** [Qs 6h As]
PLR_5137884OV: bets $0.35 
PLR_7207252HA: raises $0.70 to $0.70
Hero: calls $0.70 
PLR_5137884OV: raises $3.79 to $4.14
PLR_7207252HA: raises $0.59 to $4.73 and is all-in
Hero: folds
PLR_5137884OV: calls $0.59 
*** TURN *** [Qs 6h As] [2c]
*** RIVER *** [Qs 6h As 2c] [Kh]
*** SHOW DOWN ***
PLR_5137884OV: shows [Ts Ac] (a pair of Aces)
PLR_7207252HA: shows [7c Ah] (a pair of Aces)
PLR_5137884OV collected $10.3 from pot
*** SUMMARY ***
Total pot $10.84 | Rake $0.54
Board [Qs 6h As 2c Kh]
Seat 1: Hero showed
Seat 2: PLR_2717984WL (button) showed
Seat 3: PLR_2768300UL (small blind) showed
Seat 4: PLR_5137884OV (big blind) showed [Ts Ac] and won ($10.3) with a pair of Aces
Seat 5: PLR_2539370JA showed
Seat 6: PLR_1721666YV showed
Seat 7: PLR_7207252HA showed [7c Ah] and lost with a pair of Aces
Seat 8: PLR_2026339ZV showed
Seat 9: PLR_9194547ZG showed



PokerStars Hand #3435187545: Hold'em No Limit ($0.02/$0.05) - 2017/03/10 23:04:35
Table '#11428969' Seat #3 is the button
Seat 1: Hero ($4.08 in chips)
Seat 2: PLR_2717984WL ($6.84 in chips)
Seat 3: PLR_2768300UL ($0.82 in chips)
Seat 4: PLR_5137884OV ($11.02 in chips)
Seat 5: PLR_2539370JA ($4.75 in chips)
Seat 6: PLR_1721666YV ($1.12 in chips)
Seat 8: PLR_2026339ZV ($1.38 in chips)
Seat 9: PLR_9194547ZG ($5.18 in chips)
PLR_5137884OV: posts small blind $0.02
PLR_2539370JA: posts big blind $0.05
*** HOLE CARDS ***
Dealt to Hero [3d 4h]
PLR_1721666YV: folds
Table deposit $5 
PLR_2026339ZV: folds
PLR_9194547ZG: folds
Seat re-join
Hero: folds
PLR_2717984WL: folds
PLR_2768300UL: raises $0.15 to $0.15
PLR_5137884OV: calls $0.13 
PLR_2539370JA: folds
*** FLOP *** [Jh 6d 8d]
PLR_5137884OV: checks
PLR_2768300UL: bets $0.27 
PLR_5137884OV: folds
Uncalled bet ($0.27) returned to PLR_2768300UL
PLR_2768300UL: doesn't show hand
PLR_2768300UL collected $0.34 from pot
*** SUMMARY ***
Total pot $0.35 | Rake $0.01
Board [Jh 6d 8d]
Seat 1: Hero showed
Seat 2: PLR_2717984WL showed
Seat 3: PLR_2768300UL (button) won ($0.34)
Seat 4: PLR_5137884OV (small blind) showed
Seat 5: PLR_2539370JA (big blind) showed
Seat 6: PLR_1721666YV showed
Seat 8: PLR_2026339ZV showed
Seat 9: PLR_9194547ZG showed



PokerStars Hand #3435187869: Hold'em No Limit ($0.02/$0.05) - 2017/03/10 23:05:15
Table '#11428969' Seat #4 is the button
Seat 1: Hero ($5 in chips)
Seat 2: PLR_2717984WL ($6.84 in chips)
Seat 3: PLR_2768300UL ($1.01 in chips)
Seat 4: PLR_5137884OV ($10.87 in chips)
Seat 5: PLR_2539370JA ($4.70 in chips)
Seat 6: PLR_1721666YV ($1.12 in chips)
Seat 7: PLR_7207252HA ($5 in chips)
Seat 8: PLR_2026339ZV ($1.38 in chips)
Seat 9: PLR_9194547ZG ($5.18 in chips)
PLR_2539370JA: posts small blind $0.02
PLR_1721666YV: posts big blind $0.05
*** HOLE CARDS ***
Dealt to Hero [7h Ah]
PLR_7207252HA: raises $0.10 to $0.10
PLR_2026339ZV: folds
PLR_9194547ZG: folds
Hero: calls $0.10 
PLR_2717984WL: folds
PLR_2768300UL: calls $0.10 
PLR_5137884OV: calls $0.10 
PLR_2539370JA: calls $0.08 
PLR_1721666YV: calls $0.05 
*** FLOP *** [5c Tc Ac]
PLR_2539370JA: checks
PLR_1721666YV: checks
PLR_7207252HA: bets $0.05 
Hero: raises $0.37 to $0.37
PLR_2768300UL: folds
PLR_5137884OV: calls $0.37 
PLR_2539370JA: folds
PLR_1721666YV: folds
PLR_7207252HA: folds
*** TURN *** [5c Tc Ac] [4h]
Hero: checks
PLR_5137884OV: bets $0.75 
Hero: calls $0.75 
*** RIVER *** [5c Tc Ac 4h] [6d]
Hero: checks
PLR_5137884OV: bets $3.79 
Hero: calls $3.78 and is all-in
*** SHOW DOWN ***
PLR_5137884OV: shows [Ad 5s] (two pair, Aces and Tens)
Hero: shows [7h Ah] (One pair)
Uncalled bet ($0.01) returned to PLR_5137884OV
PLR_5137884OV collected $9.93 from pot
*** SUMMARY ***
Total pot $10.45 | Rake $0.52
Board [5c Tc Ac 4h 6d]
Seat 1: Hero showed [7h Ah]
Seat 2: PLR_2717984WL showed
Seat 3: PLR_2768300UL showed
Seat 4: PLR_5137884OV (button) showed [Ad 5s] and won ($9.93) with two pair, Aces and Tens
Seat 5: PLR_2539370JA (small blind) showed
Seat 6: PLR_1721666YV (big blind) showed
Seat 7: PLR_7207252HA showed
Seat 8: PLR_2026339ZV showed
Seat 9: PLR_9194547ZG showed



PokerStars Hand #3435189188: Hold'em No Limit ($0.02/$0.05) - 2017/03/10 23:08:03
Table '#11428969' Seat #6 is the button
Seat 1: Hero ($5 in chips)
Seat 2: PLR_2717984WL ($6.84 in chips)
Seat 3: PLR_2768300UL ($0.76 in chips)
Seat 4: PLR_5137884OV ($15.80 in chips)
Seat 5: PLR_2539370JA ($4.60 in chips)
Seat 6: PLR_1721666YV ($1 in chips)
Seat 7: PLR_7207252HA ($5.01 in chips)
Seat 8: PLR_2026339ZV ($1.38 in chips)
Seat 9: PLR_9194547ZG ($5.18 in chips)
PLR_7207252HA: posts small blind $0.02
PLR_2026339ZV: posts big blind $0.05
*** HOLE CARDS ***
Dealt to Hero [Qc 9h]
PLR_9194547ZG: folds
Hero: folds
PLR_2717984WL: folds
PLR_2768300UL: folds
PLR_5137884OV: folds
PLR_2539370JA: raises $0.15 to $0.15
PLR_1721666YV: folds
PLR_7207252HA: calls $0.13 
PLR_2026339ZV: folds
*** FLOP *** [Qs 5c 8h]
PLR_7207252HA: bets $0.05 
PLR_2539370JA: raises $0.50 to $0.50
PLR_7207252HA: calls $0.45 
*** TURN *** [Qs 5c 8h] [Jc]
PLR_7207252HA: checks
PLR_2539370JA: checks
*** RIVER *** [Qs 5c 8h Jc] [5d]
PLR_7207252HA: bets $0.05 
PLR_2539370JA: folds
Uncalled bet ($0.05) returned to PLR_7207252HA
PLR_7207252HA: doesn't show hand
PLR_7207252HA collected $1.29 from pot
*** SUMMARY ***
Total pot $1.35 | Rake $0.06
Board [Qs 5c 8h Jc 5d]
Seat 1: Hero showed
Seat 2: PLR_2717984WL showed
Seat 3: PLR_2768300UL showed
Seat 4: PLR_5137884OV showed
Seat 5: PLR_2539370JA showed
Seat 6: PLR_1721666YV (button) showed
Seat 7: PLR_7207252HA (small blind) won ($1.29)
Seat 8: PLR_2026339ZV (big blind) showed
Seat 9: PLR_9194547ZG showed



PokerStars Hand #3435189693: Hold'em No Limit ($0.02/$0.05) - 2017/03/10 23:09:11
Table '#11428969' Seat #7 is the button
Seat 1: Hero ($5 in chips)
Seat 2: PLR_2717984WL ($6.84 in chips)
Seat 3: PLR_2768300UL ($0.76 in chips)
Seat 4: PLR_5137884OV ($15.80 in chips)
Seat 5: PLR_2539370JA ($3.95 in chips)
Seat 6: PLR_1721666YV ($1 in chips)
Seat 7: PLR_7207252HA ($5.65 in chips)
Seat 8: PLR_2026339ZV ($1.33 in chips)
Seat 9: PLR_9194547ZG ($5.18 in chips)
PLR_2026339ZV: posts small blind $0.02
PLR_9194547ZG: posts big blind $0.05
*** HOLE CARDS ***
Dealt to Hero [Kc 5s]
Hero: folds
PLR_2717984WL: folds
PLR_2768300UL: folds
PLR_5137884OV: raises $0.15 to $0.15
PLR_2539370JA: folds
PLR_1721666YV: calls $0.15 
PLR_7207252HA: raises $0.25 to $0.25
PLR_2026339ZV: folds
PLR_9194547ZG: folds
PLR_5137884OV: raises $0.85 to $1
PLR_1721666YV: folds
PLR_7207252HA: calls $0.75 
*** FLOP *** [7d 8h 4h]
PLR_5137884OV: bets $1.15 
PLR_7207252HA: calls $1.15 
*** TURN *** [7d 8h 4h] [8s]
PLR_5137884OV: bets $10.02 
PLR_7207252HA: folds
Uncalled bet ($10.02) returned to PLR_5137884OV
PLR_5137884OV: doesn't show hand
PLR_5137884OV collected $4.3 from pot
*** SUMMARY ***
Total pot $4.52 | Rake $0.22
Board [7d 8h 4h 8s]
Seat 1: Hero showed
Seat 2: PLR_2717984WL showed
Seat 3: PLR_2768300UL showed
Seat 4: PLR_5137884OV won ($4.3)
Seat 5: PLR_2539370JA showed
Seat 6: PLR_1721666YV showed
Seat 7: PLR_7207252HA (button) showed
Seat 8: PLR_2026339ZV (small blind) showed
Seat 9: PLR_9194547ZG (big blind) showed



PokerStars Hand #3435190200: Hold'em No Limit ($0.02/$0.05) - 2017/03/10 23:10:14
Table '#11428969' Seat #8 is the button
Seat 1: Hero ($5 in chips)
Seat 2: PLR_2717984WL ($6.84 in chips)
Seat 3: PLR_2768300UL ($0.76 in chips)
Seat 4: PLR_5137884OV ($17.95 in chips)
Seat 5: PLR_2539370JA ($3.95 in chips)
Seat 6: PLR_1721666YV ($1.85 in chips)
Seat 7: PLR_7207252HA ($3.50 in chips)
Seat 8: PLR_2026339ZV ($1.31 in chips)
Seat 9: PLR_9194547ZG ($5.13 in chips)
PLR_9194547ZG: posts small blind $0.02
Hero: posts big blind $0.05
*** HOLE CARDS ***
Dealt to Hero [5d 3h]
PLR_2717984WL: folds
PLR_2768300UL: folds
PLR_5137884OV: folds
PLR_2539370JA: folds
PLR_1721666YV: folds
PLR_7207252HA: folds (auth)
PLR_2026339ZV: raises $0.20 to $0.20
PLR_9194547ZG: folds
Hero: folds
Uncalled bet ($0.15) returned to PLR_2026339ZV
PLR_2026339ZV: doesn't show hand
PLR_2026339ZV collected $0.12 from pot
*** SUMMARY ***
Total pot $0.12 | Rake $0.00
Seat 1: Hero (big blind) showed
Seat 2: PLR_2717984WL showed
Seat 3: PLR_2768300UL showed
Seat 4: PLR_5137884OV showed
Seat 5: PLR_2539370JA showed
Seat 6: PLR_1721666YV showed
Seat 7: PLR_7207252HA showed
Seat 8: PLR_2026339ZV (button) won ($0.12)
Seat 9: PLR_9194547ZG (small blind) showed



PokerStars Hand #3435190380: Hold'em No Limit ($0.02/$0.05) - 2017/03/10 23:10:37
Table '#11428969' Seat #9 is the button
Seat 1: Hero ($4.95 in chips)
Seat 2: PLR_2717984WL ($6.84 in chips)
Seat 3: PLR_2768300UL ($0.76 in chips)
Seat 4: PLR_5137884OV ($17.95 in chips)
Seat 5: PLR_2539370JA ($3.95 in chips)
Seat 6: PLR_1721666YV ($1.85 in chips)
Seat 8: PLR_2026339ZV ($1.38 in chips)
Seat 9: PLR_9194547ZG ($5.11 in chips)
Hero: posts small blind $0.02
PLR_2717984WL: posts big blind $0.05
*** HOLE CARDS ***
Dealt to Hero [Js Qh]
PLR_2768300UL: folds
PLR_5137884OV: folds
PLR_2539370JA: folds
PLR_1721666YV: calls $0.05 
PLR_2026339ZV: folds
PLR_9194547ZG: folds
Hero: raises $0.18 to $0.20
PLR_2717984WL: folds
PLR_1721666YV: calls $0.15 
*** FLOP *** [5s 3c Qd]
Hero: bets $0.27 
PLR_1721666YV: folds
Uncalled bet ($0.27) returned to Hero
Hero: doesn't show hand
Hero collected $0.43 from pot
*** SUMMARY ***
Total pot $0.45 | Rake $0.02
Board [5s 3c Qd]
Seat 1: Hero (small blind) won ($0.43)
Seat 2: PLR_2717984WL (big blind) showed
Seat 3: PLR_2768300UL showed
Seat 4: PLR_5137884OV showed
Seat 5: PLR_2539370JA showed
Seat 6: PLR_1721666YV showed
Seat 8: PLR_2026339ZV showed
Seat 9: PLR_9194547ZG (button) showed



PokerStars Hand #3435190759: Hold'em No Limit ($0.02/$0.05) - 2017/03/10 23:11:23
Table '#11428969' Seat #1 is the button
Seat 1: Hero ($5.18 in chips)
Seat 2: PLR_2717984WL ($6.79 in chips)
Seat 4: PLR_5137884OV ($17.95 in chips)
Seat 5: PLR_2539370JA ($3.95 in chips)
Seat 6: PLR_1721666YV ($1.65 in chips)
Seat 8: PLR_2026339ZV ($1.38 in chips)
Seat 9: PLR_9194547ZG ($5.11 in chips)
PLR_2717984WL: posts small blind $0.02
PLR_5137884OV: posts big blind $0.05
*** HOLE CARDS ***
Dealt to Hero [2d Tc]
Seat sit down
PLR_2539370JA: folds
PLR_1721666YV: calls $0.05 
Table deposit $1.50 
PLR_2026339ZV: calls $0.05 
PLR_9194547ZG: folds
Hero: folds
PLR_2717984WL: folds
PLR_5137884OV: checks
*** FLOP *** [4s Kh 3d]
PLR_5137884OV: checks
PLR_1721666YV: checks
PLR_2026339ZV: bets $0.20 
PLR_5137884OV: folds
PLR_1721666YV: folds
Uncalled bet ($0.20) returned to PLR_2026339ZV
PLR_2026339ZV: doesn't show hand
PLR_2026339ZV collected $0.17 from pot
*** SUMMARY ***
Total pot $0.17 | Rake $0.00
Board [4s Kh 3d]
Seat 1: Hero (button) showed
Seat 2: PLR_2717984WL (small blind) showed
Seat 4: PLR_5137884OV (big blind) showed
Seat 5: PLR_2539370JA showed
Seat 6: PLR_1721666YV showed
Seat 8: PLR_2026339ZV won ($0.17)
Seat 9: PLR_9194547ZG showed



PokerStars Hand #3435191271: Hold'em No Limit ($0.02/$0.05) - 2017/03/10 23:12:28
Table '#11428969' Seat #2 is the button
Seat 1: Hero ($5.18 in chips)
Seat 2: PLR_2717984WL ($6.77 in chips)
Seat 4: PLR_5137884OV ($17.90 in chips)
Seat 5: PLR_2539370JA ($3.95 in chips)
Seat 6: PLR_1721666YV ($1.60 in chips)
Seat 8: PLR_2026339ZV ($1.50 in chips)
Seat 9: PLR_9194547ZG ($5.11 in chips)
PLR_5137884OV: posts small blind $0.02
PLR_2539370JA: posts big blind $0.05
*** HOLE CARDS ***
Dealt to Hero [6h 7c]
PLR_1721666YV: calls $0.05 
PLR_2026339ZV: folds
PLR_9194547ZG: folds
Hero: folds
PLR_2717984WL: folds
PLR_5137884OV: raises $0.13 to $0.15
PLR_2539370JA: folds
PLR_1721666YV: calls $0.10 
*** FLOP *** [7d Ts Ah]
PLR_5137884OV: checks
PLR_1721666YV: checks
*** TURN *** [7d Ts Ah] [Kd]
Seat sit down
Table deposit $1.50 
PLR_5137884OV: bets $0.15 
PLR_1721666YV: calls $0.15 
*** RIVER *** [7d Ts Ah Kd] [6c]
PLR_5137884OV: bets $0.65 
PLR_1721666YV: calls $0.65 
*** SHOW DOWN ***
PLR_5137884OV: shows [Ad Td] (two pair, Aces and Kings)
PLR_1721666YV: shows [Qs Kc] (One pair)
PLR_5137884OV collected $1.86 from pot
*** SUMMARY ***
Total pot $1.95 | Rake $0.09
Board [7d Ts Ah Kd 6c]
Seat 1: Hero showed
Seat 2: PLR_2717984WL (button) showed
Seat 4: PLR_5137884OV (small blind) showed [Ad Td] and won ($1.86) with two pair, Aces and Kings
Seat 5: PLR_2539370JA (big blind) showed
Seat 6: PLR_1721666YV showed [Qs Kc]
Seat 8: PLR_2026339ZV showed
Seat 9: PLR_9194547ZG showed



PokerStars Hand #3435191707: Hold'em No Limit ($0.02/$0.05) - 2017/03/10 23:13:25
Table '#11428969' Seat #4 is the button
Seat 1: Hero ($5.18 in chips)
Seat 2: PLR_2717984WL ($6.77 in chips)
Seat 4: PLR_5137884OV ($18.81 in chips)
Seat 5: PLR_2539370JA ($3.90 in chips)
Seat 6: PLR_1721666YV ($0.65 in chips)
Seat 8: PLR_2026339ZV ($1.50 in chips)
Seat 9: PLR_9194547ZG ($5.11 in chips)
PLR_2539370JA: posts small blind $0.02
PLR_1721666YV: posts big blind $0.05
*** HOLE CARDS ***
Dealt to Hero [5d Qs]
PLR_2026339ZV: folds
PLR_9194547ZG: calls $0.05 
Hero: folds
PLR_2717984WL: folds
PLR_5137884OV: folds
PLR_2539370JA: calls $0.03 
PLR_1721666YV: checks
*** FLOP *** [Ah 7s 8d]
PLR_2539370JA: checks
PLR_1721666YV: bets $0.11 
PLR_9194547ZG: folds
PLR_2539370JA: raises $0.78 to $0.78
PLR_1721666YV: calls $0.49 and is all-in
*** TURN *** [Ah 7s 8d] [5h]
*** RIVER *** [Ah 7s 8d 5h] [Ts]
*** SHOW DOWN ***
PLR_2539370JA: shows [7c As] (two pair, Aces and Tens)
PLR_1721666YV: shows [4h Ac] (a pair of Aces)
Uncalled bet ($0.18) returned to PLR_2539370JA
PLR_2539370JA collected $1.29 from pot
*** SUMMARY ***
Total pot $1.35 | Rake $0.06
Board [Ah 7s 8d 5h Ts]
Seat 1: Hero showed
Seat 2: PLR_2717984WL showed
Seat 4: PLR_5137884OV (button) showed
Seat 5: PLR_2539370JA (small blind) showed [7c As] and won ($1.29) with two pair, Aces and Sevens
Seat 6: PLR_1721666YV (big blind) showed [4h Ac] and lost with a pair of Aces
Seat 8: PLR_2026339ZV showed
Seat 9: PLR_9194547ZG showed



PokerStars Hand #3435192127: Hold'em No Limit ($0.02/$0.05) - 2017/03/10 23:14:18
Table '#11428969' Seat #5 is the button
Seat 1: Hero ($5.18 in chips)
Seat 2: PLR_2717984WL ($6.77 in chips)
Seat 4: PLR_5137884OV ($18.81 in chips)
Seat 5: PLR_2539370JA ($4.54 in chips)
Seat 7: PLR_9577688JR ($1.50 in chips)
Seat 8: PLR_2026339ZV ($1.50 in chips)
Seat 9: PLR_9194547ZG ($5.06 in chips)
Table deposit $3 
PLR_9577688JR: posts big blind $0.05
*** HOLE CARDS ***
Dealt to Hero [Ah As]
Seat re-join
PLR_2026339ZV: folds
PLR_9194547ZG: folds
Hero: raises $0.15 to $0.15
PLR_2717984WL: folds
PLR_5137884OV: folds
PLR_2539370JA: raises $0.55 to $0.55
PLR_9577688JR: folds
Hero: raises $1.55 to $1.70
PLR_2539370JA: raises $2.84 to $4.54 and is all-in
Hero: calls $2.84 
*** FLOP *** [Th Ks 2h]
*** TURN *** [Th Ks 2h] [6s]
*** RIVER *** [Th Ks 2h 6s] [Jh]
*** SHOW DOWN ***
Hero: shows [Ah As] (a pair of Aces)
PLR_2539370JA: shows [Kc Kh] (three of a kind, Kings)
PLR_2539370JA collected $8.68 from pot
*** SUMMARY ***
Total pot $9.13 | Rake $0.45
Board [Th Ks 2h 6s Jh]
Seat 1: Hero showed [Ah As] and lost with a pair of Aces
Seat 2: PLR_2717984WL showed
Seat 4: PLR_5137884OV showed
Seat 5: PLR_2539370JA (button) showed [Kc Kh] and won ($8.68) with three of a kind, Kings
Seat 7: PLR_9577688JR (big blind) showed
Seat 8: PLR_2026339ZV showed
Seat 9: PLR_9194547ZG showed



PokerStars Hand #3435192703: Hold'em No Limit ($0.02/$0.05) - 2017/03/10 23:15:38
Table '#11428969' Seat #5 is the button
Seat 1: Hero ($5 in chips)
Seat 2: PLR_2717984WL ($6.77 in chips)
Seat 4: PLR_5137884OV ($18.81 in chips)
Seat 5: PLR_2539370JA ($8.68 in chips)
Seat 7: PLR_9577688JR ($1.45 in chips)
Seat 8: PLR_2026339ZV ($1.50 in chips)
Seat 9: PLR_9194547ZG ($5.06 in chips)
Set dealer
PLR_9577688JR: posts small blind $0.02
PLR_2026339ZV: posts big blind $0.05
*** HOLE CARDS ***
Dealt to Hero [Ah 7h]
PLR_9194547ZG: folds
Hero: folds
PLR_2717984WL: folds
PLR_5137884OV: raises $0.15 to $0.15
PLR_2539370JA: folds
PLR_9577688JR: folds
PLR_2026339ZV: folds
Uncalled bet ($0.10) returned to PLR_5137884OV
PLR_5137884OV: doesn't show hand
PLR_5137884OV collected $0.12 from pot
*** SUMMARY ***
Total pot $0.12 | Rake $0.00
Seat 1: Hero showed
Seat 2: PLR_2717984WL showed
Seat 4: PLR_5137884OV won ($0.12)
Seat 5: PLR_2539370JA (button) showed
Seat 7: PLR_9577688JR (small blind) showed
Seat 8: PLR_2026339ZV (big blind) showed
Seat 9: PLR_9194547ZG showed



PokerStars Hand #3435192982: Hold'em No Limit ($0.02/$0.05) - 2017/03/10 23:16:14
Table '#11428969' Seat #7 is the button
Seat 1: Hero ($5 in chips)
Seat 2: PLR_2717984WL ($6.77 in chips)
Seat 4: PLR_5137884OV ($18.88 in chips)
Seat 5: PLR_2539370JA ($8.68 in chips)
Seat 6: PLR_1721666YV ($3 in chips)
Seat 7: PLR_9577688JR ($1.43 in chips)
Seat 8: PLR_2026339ZV ($1.45 in chips)
Seat 9: PLR_9194547ZG ($5.06 in chips)
PLR_2026339ZV: posts small blind $0.02
PLR_9194547ZG: posts big blind $0.05
PLR_1721666YV: posts small blind $0.02
*** HOLE CARDS ***
Dealt to Hero [6h 6d]
Hero: raises $0.19 to $0.19
PLR_2717984WL: folds
PLR_5137884OV: folds
PLR_2539370JA: folds
PLR_1721666YV: folds
PLR_9577688JR: folds
PLR_2026339ZV: folds
PLR_9194547ZG: folds
Uncalled bet ($0.14) returned to Hero
Hero: doesn't show hand
Hero collected $0.14 from pot
*** SUMMARY ***
Total pot $0.14 | Rake $0.00
Seat 1: Hero won ($0.14)
Seat 2: PLR_2717984WL showed
Seat 4: PLR_5137884OV showed
Seat 5: PLR_2539370JA showed
Seat 6: PLR_1721666YV showed
Seat 7: PLR_9577688JR (button) showed
Seat 8: PLR_2026339ZV (small blind) showed
Seat 9: PLR_9194547ZG (big blind) showed



PokerStars Hand #3435193238: Hold'em No Limit ($0.02/$0.05) - 2017/03/10 23:16:46
Table '#11428969' Seat #8 is the button
Seat 1: Hero ($5.09 in chips)
Seat 2: PLR_2717984WL ($6.77 in chips)
Seat 4: PLR_5137884OV ($18.88 in chips)
Seat 5: PLR_2539370JA ($8.68 in chips)
Seat 6: PLR_1721666YV ($2.98 in chips)
Seat 7: PLR_9577688JR ($1.43 in chips)
Seat 8: PLR_2026339ZV ($1.43 in chips)
Seat 9: PLR_9194547ZG ($5.01 in chips)
PLR_9194547ZG: posts small blind $0.02
Hero: posts big blind $0.05
*** HOLE CARDS ***
Dealt to Hero [7d Ac]
PLR_2717984WL: raises $0.12 to $0.12
PLR_5137884OV: folds
PLR_2539370JA: folds
PLR_1721666YV: folds
PLR_9577688JR: folds
PLR_2026339ZV: folds
PLR_9194547ZG: folds
Hero: calls $0.07 
*** FLOP *** [Qd Kh 8s]
Hero: checks
PLR_2717984WL: bets $0.12 
Hero: folds
Uncalled bet ($0.12) returned to PLR_2717984WL
PLR_2717984WL: doesn't show hand
PLR_2717984WL collected $0.25 from pot
*** SUMMARY ***
Total pot $0.26 | Rake $0.01
Board [Qd Kh 8s]
Seat 1: Hero (big blind) showed
Seat 2: PLR_2717984WL won ($0.25)
Seat 4: PLR_5137884OV showed
Seat 5: PLR_2539370JA showed
Seat 6: PLR_1721666YV showed
Seat 7: PLR_9577688JR showed
Seat 8: PLR_2026339ZV (button) showed
Seat 9: PLR_9194547ZG (small blind) showed



PokerStars Hand #3435193601: Hold'em No Limit ($0.02/$0.05) - 2017/03/10 23:17:34
Table '#11428969' Seat #9 is the button
Seat 1: Hero ($4.97 in chips)
Seat 2: PLR_2717984WL ($6.90 in chips)
Seat 4: PLR_5137884OV ($18.88 in chips)
Seat 6: PLR_1721666YV ($2.98 in chips)
Seat 7: PLR_9577688JR ($1.43 in chips)
Seat 8: PLR_2026339ZV ($1.43 in chips)
Seat 9: PLR_9194547ZG ($4.99 in chips)
Hero: posts small blind $0.02
PLR_2717984WL: posts big blind $0.05
*** HOLE CARDS ***
Dealt to Hero [7h Qh]
PLR_5137884OV: calls $0.05 
PLR_1721666YV: calls $0.05 
PLR_9577688JR: folds
PLR_2026339ZV: folds
PLR_9194547ZG: folds
Hero: calls $0.03 
PLR_2717984WL: raises $0.35 to $0.40
PLR_5137884OV: folds
PLR_1721666YV: folds
Hero: folds
Uncalled bet ($0.35) returned to PLR_2717984WL
PLR_2717984WL: doesn't show hand
PLR_2717984WL collected $0.2 from pot
*** SUMMARY ***
Total pot $0.2 | Rake $0.00
Seat 1: Hero (small blind) showed
Seat 2: PLR_2717984WL (big blind) won ($0.2)
Seat 4: PLR_5137884OV showed
Seat 6: PLR_1721666YV showed
Seat 7: PLR_9577688JR showed
Seat 8: PLR_2026339ZV showed
Seat 9: PLR_9194547ZG (button) showed



PokerStars Hand #3435194022: Hold'em No Limit ($0.02/$0.05) - 2017/03/10 23:18:31
Table '#11428969' Seat #1 is the button
Seat 1: Hero ($4.92 in chips)
Seat 2: PLR_2717984WL ($7.05 in chips)
Seat 4: PLR_5137884OV ($18.83 in chips)
Seat 6: PLR_1721666YV ($2.93 in chips)
Seat 7: PLR_9577688JR ($1.43 in chips)
Seat 8: PLR_2026339ZV ($1.43 in chips)
Seat 9: PLR_9194547ZG ($4.99 in chips)
PLR_2717984WL: posts small blind $0.02
PLR_5137884OV: posts big blind $0.05
*** HOLE CARDS ***
Dealt to Hero [Qh 9c]
PLR_1721666YV: calls $0.05 
PLR_9577688JR: calls $0.05 
PLR_2026339ZV: folds
PLR_9194547ZG: folds
Hero: raises $0.27 to $0.27
PLR_2717984WL: folds
PLR_5137884OV: calls $0.22 
PLR_1721666YV: folds
PLR_9577688JR: calls $0.22 
*** FLOP *** [7s As 5c]
PLR_5137884OV: checks
PLR_9577688JR: bets $0.20 
Hero: folds
PLR_5137884OV: folds
Uncalled bet ($0.20) returned to PLR_9577688JR
PLR_9577688JR: doesn't show hand
PLR_9577688JR collected $0.84 from pot
*** SUMMARY ***
Total pot $0.88 | Rake $0.04
Board [7s As 5c]
Seat 1: Hero (button) showed
Seat 2: PLR_2717984WL (small blind) showed
Seat 4: PLR_5137884OV (big blind) showed
Seat 6: PLR_1721666YV showed
Seat 7: PLR_9577688JR won ($0.84)
Seat 8: PLR_2026339ZV showed
Seat 9: PLR_9194547ZG showed



PokerStars Hand #3435194418: Hold'em No Limit ($0.02/$0.05) - 2017/03/10 23:19:23
Table '#11428969' Seat #2 is the button
Seat 1: Hero ($4.65 in chips)
Seat 2: PLR_2717984WL ($7.03 in chips)
Seat 4: PLR_5137884OV ($18.56 in chips)
Seat 6: PLR_1721666YV ($2.88 in chips)
Seat 7: PLR_9577688JR ($2 in chips)
Seat 8: PLR_2026339ZV ($1.43 in chips)
Seat 9: PLR_9194547ZG ($4.99 in chips)
PLR_5137884OV: posts small blind $0.02
PLR_1721666YV: posts big blind $0.05
*** HOLE CARDS ***
Dealt to Hero [4d Kd]
PLR_9577688JR: calls $0.05 
PLR_2026339ZV: folds
PLR_9194547ZG: folds
Hero: folds
PLR_2717984WL: calls $0.05 
PLR_5137884OV: calls $0.03 
PLR_1721666YV: checks
*** FLOP *** [Ad Qc Ts]
PLR_5137884OV: checks
PLR_1721666YV: bets $0.11 
PLR_9577688JR: calls $0.11 
Seat re-join
PLR_2717984WL: calls $0.11 
PLR_5137884OV: calls $0.11 
*** TURN *** [Ad Qc Ts] [4h]
Table leave user
PLR_5137884OV: checks
PLR_1721666YV: bets $0.33 
PLR_9577688JR: folds
PLR_2717984WL: folds
PLR_5137884OV: folds
Uncalled bet ($0.33) returned to PLR_1721666YV
PLR_1721666YV: doesn't show hand
PLR_1721666YV collected $0.61 from pot
*** SUMMARY ***
Total pot $0.64 | Rake $0.03
Board [Ad Qc Ts 4h]
Seat 1: Hero showed
Seat 2: PLR_2717984WL (button) showed
Seat 4: PLR_5137884OV (small blind) showed
Seat 6: PLR_1721666YV (big blind) won ($0.61)
Seat 7: PLR_9577688JR showed
Seat 8: PLR_2026339ZV showed
Seat 9: PLR_9194547ZG showed



PokerStars Hand #3435195057: Hold'em No Limit ($0.02/$0.05) - 2017/03/10 23:20:47
Table '#11428969' Seat #4 is the button
Seat 1: Hero ($4.65 in chips)
Seat 2: PLR_2717984WL ($6.87 in chips)
Seat 4: PLR_5137884OV ($18.40 in chips)
Seat 6: PLR_1721666YV ($3.33 in chips)
Seat 7: PLR_9577688JR ($1.84 in chips)
Seat 8: PLR_2026339ZV ($1.43 in chips)
Seat 9: PLR_9194547ZG ($4.99 in chips)
PLR_1721666YV: posts small blind $0.02
PLR_9577688JR: posts big blind $0.05
*** HOLE CARDS ***
Dealt to Hero [8d 6h]
PLR_2026339ZV: folds
PLR_9194547ZG: folds
Hero: folds
PLR_2717984WL: folds
PLR_5137884OV: folds
PLR_1721666YV: folds
PLR_9577688JR: doesn't show hand
PLR_9577688JR collected $0.07 from pot
*** SUMMARY ***
Total pot $0.07 | Rake $0.00
Seat 1: Hero showed
Seat 2: PLR_2717984WL showed
Seat 4: PLR_5137884OV (button) showed
Seat 6: PLR_1721666YV (small blind) showed
Seat 7: PLR_9577688JR (big blind) won ($0.07)
Seat 8: PLR_2026339ZV showed
Seat 9: PLR_9194547ZG showed



PokerStars Hand #3435195271: Hold'em No Limit ($0.02/$0.05) - 2017/03/10 23:21:15
Table '#11428969' Seat #6 is the button
Seat 1: Hero ($4.65 in chips)
Seat 2: PLR_2717984WL ($6.87 in chips)
Seat 4: PLR_5137884OV ($18.40 in chips)
Seat 6: PLR_1721666YV ($3.31 in chips)
Seat 7: PLR_9577688JR ($1.86 in chips)
Seat 8: PLR_2026339ZV ($1.43 in chips)
Seat 9: PLR_9194547ZG ($4.99 in chips)
PLR_9577688JR: posts small blind $0.02
PLR_2026339ZV: posts big blind $0.05
*** HOLE CARDS ***
Dealt to Hero [6c 5s]
PLR_9194547ZG: folds
Hero: folds
PLR_2717984WL: folds
PLR_5137884OV: raises $0.15 to $0.15
PLR_1721666YV: folds
PLR_9577688JR: calls $0.13 
Seat sit down
PLR_2026339ZV: folds
*** FLOP *** [Ah 9h 3h]
PLR_9577688JR: bets $0.30 
PLR_5137884OV: folds
Uncalled bet ($0.30) returned to PLR_9577688JR
PLR_9577688JR: doesn't show hand
PLR_9577688JR collected $0.34 from pot
*** SUMMARY ***
Total pot $0.35 | Rake $0.01
Board [Ah 9h 3h]
Seat 1: Hero showed
Seat 2: PLR_2717984WL showed
Seat 4: PLR_5137884OV showed
Seat 6: PLR_1721666YV (button) showed
Seat 7: PLR_9577688JR (small blind) won ($0.34)
Seat 8: PLR_2026339ZV (big blind) showed
Seat 9: PLR_9194547ZG showed



PokerStars Hand #3435195580: Hold'em No Limit ($0.02/$0.05) - 2017/03/10 23:21:56
Table '#11428969' Seat #7 is the button
Seat 1: Hero ($4.65 in chips)
Seat 2: PLR_2717984WL ($6.87 in chips)
Seat 4: PLR_5137884OV ($18.25 in chips)
Seat 6: PLR_1721666YV ($3.31 in chips)
Seat 7: PLR_9577688JR ($2.05 in chips)
Seat 8: PLR_2026339ZV ($1.38 in chips)
Seat 9: PLR_9194547ZG ($4.99 in chips)
PLR_2026339ZV: posts small blind $0.02
PLR_9194547ZG: posts big blind $0.05
*** HOLE CARDS ***
Dealt to Hero [Qs 5d]
Table deposit $5 
Hero: folds
PLR_2717984WL: folds
PLR_5137884OV: folds
PLR_1721666YV: calls $0.05 
PLR_9577688JR: calls $0.05 
PLR_2026339ZV: folds
PLR_9194547ZG: checks
*** FLOP *** [Qd Tc 7c]
PLR_9194547ZG: checks
PLR_1721666YV: checks
PLR_9577688JR: bets $0.25 
PLR_9194547ZG: folds
PLR_1721666YV: folds
Uncalled bet ($0.25) returned to PLR_9577688JR
PLR_9577688JR: doesn't show hand
PLR_9577688JR collected $0.17 from pot
*** SUMMARY ***
Total pot $0.17 | Rake $0.00
Board [Qd Tc 7c]
Seat 1: Hero showed
Seat 2: PLR_2717984WL showed
Seat 4: PLR_5137884OV showed
Seat 6: PLR_1721666YV showed
Seat 7: PLR_9577688JR (button) won ($0.17)
Seat 8: PLR_2026339ZV (small blind) showed
Seat 9: PLR_9194547ZG (big blind) showed



PokerStars Hand #3435196117: Hold'em No Limit ($0.02/$0.05) - 2017/03/10 23:23:03
Table '#11428969' Seat #8 is the button
Seat 1: Hero ($4.65 in chips)
Seat 2: PLR_2717984WL ($6.87 in chips)
Seat 3: PLR_5180063CJ ($5 in chips)
Seat 4: PLR_5137884OV ($18.25 in chips)
Seat 6: PLR_1721666YV ($3.26 in chips)
Seat 7: PLR_9577688JR ($2.17 in chips)
Seat 8: PLR_2026339ZV ($1.36 in chips)
Seat 9: PLR_9194547ZG ($4.94 in chips)
PLR_9194547ZG: posts small blind $0.02
Hero: posts big blind $0.05
Table leave user
PLR_5180063CJ: posts big blind $0.05
*** HOLE CARDS ***
Dealt to Hero [3d Ts]
PLR_2717984WL: folds
PLR_5180063CJ: checks
Seat sit down
PLR_5137884OV: folds
PLR_1721666YV: folds
Table leave user
PLR_9577688JR: calls $0.05 
PLR_2026339ZV: folds
Table deposit $5 
PLR_9194547ZG: folds
Hero: checks
*** FLOP *** [Jc 2h 4d]
Hero: checks
PLR_5180063CJ: bets $0.20 
PLR_9577688JR: raises $0.40 to $0.40
Hero: folds
PLR_5180063CJ: calls $0.20 
*** TURN *** [Jc 2h 4d] [Ah]
PLR_5180063CJ: bets $0.76 
Table leave user
PLR_9577688JR: raises $0.96 to $1.72 and is all-in
PLR_5180063CJ: calls $0.96 
*** RIVER *** [Jc 2h 4d Ah] [Kc]
*** SHOW DOWN ***
PLR_5180063CJ: shows [8c 4c] (a pair of Fours)
PLR_9577688JR: shows [Js Qh] (a pair of Jacks)
PLR_9577688JR collected $4.19 from pot
*** SUMMARY ***
Total pot $4.41 | Rake $0.22
Board [Jc 2h 4d Ah Kc]
Seat 1: Hero (big blind) showed
Seat 2: PLR_2717984WL showed
Seat 3: PLR_5180063CJ showed [8c 4c] and lost with a pair of Fours
Seat 4: PLR_5137884OV showed
Seat 6: PLR_1721666YV showed
Seat 7: PLR_9577688JR showed [Js Qh] and won ($4.19) with a pair of Jacks
Seat 8: PLR_2026339ZV (button) showed
Seat 9: PLR_9194547ZG (small blind) showed



PokerStars Hand #3435196882: Hold'em No Limit ($0.02/$0.05) - 2017/03/10 23:24:44
Table '#11428969' Seat #9 is the button
Seat 1: Hero ($4.60 in chips)
Seat 2: PLR_2717984WL ($6.87 in chips)
Seat 3: PLR_5180063CJ ($2.83 in chips)
Seat 4: PLR_5137884OV ($18.25 in chips)
Seat 5: PLR_3872538AB ($5 in chips)
Seat 6: PLR_1721666YV ($3.26 in chips)
Seat 7: PLR_9577688JR ($4.19 in chips)
Seat 8: PLR_2026339ZV ($1.36 in chips)
Seat 9: PLR_9194547ZG ($4.92 in chips)
Hero: posts small blind $0.02
PLR_2717984WL: posts big blind $0.05
PLR_3872538AB: posts big blind $0.05
*** HOLE CARDS ***
Dealt to Hero [2c 8s]
PLR_5180063CJ: calls $0.05 
PLR_5137884OV: folds
PLR_3872538AB: checks
PLR_1721666YV: calls $0.05 
PLR_9577688JR: calls $0.05 
PLR_2026339ZV: folds
PLR_9194547ZG: folds
Hero: folds
PLR_2717984WL: checks
*** FLOP *** [7s 5s 5c]
PLR_2717984WL: checks
PLR_5180063CJ: checks
PLR_3872538AB: bets $0.10 
PLR_1721666YV: folds
PLR_9577688JR: folds
PLR_2717984WL: calls $0.10 
PLR_5180063CJ: folds
*** TURN *** [7s 5s 5c] [2h]
PLR_2717984WL: bets $0.22 
PLR_3872538AB: folds
Uncalled bet ($0.22) returned to PLR_2717984WL
PLR_2717984WL: doesn't show hand
PLR_2717984WL collected $0.45 from pot
*** SUMMARY ***
Total pot $0.47 | Rake $0.02
Board [7s 5s 5c 2h]
Seat 1: Hero (small blind) showed
Seat 2: PLR_2717984WL (big blind) won ($0.45)
Seat 3: PLR_5180063CJ showed
Seat 4: PLR_5137884OV showed
Seat 5: PLR_3872538AB showed
Seat 6: PLR_1721666YV showed
Seat 7: PLR_9577688JR showed
Seat 8: PLR_2026339ZV showed
Seat 9: PLR_9194547ZG (button) showed



PokerStars Hand #3435197534: Hold'em No Limit ($0.02/$0.05) - 2017/03/10 23:26:08
Table '#11428969' Seat #1 is the button
Seat 1: Hero ($4.58 in chips)
Seat 2: PLR_2717984WL ($7.17 in chips)
Seat 3: PLR_5180063CJ ($2.78 in chips)
Seat 4: PLR_5137884OV ($18.25 in chips)
Seat 5: PLR_3872538AB ($4.85 in chips)
Seat 6: PLR_1721666YV ($3.21 in chips)
Seat 7: PLR_9577688JR ($4.14 in chips)
Seat 8: PLR_2026339ZV ($1.36 in chips)
Seat 9: PLR_9194547ZG ($4.92 in chips)
PLR_2717984WL: posts small blind $0.02
PLR_5180063CJ: posts big blind $0.05
*** HOLE CARDS ***
Dealt to Hero [Kd 5h]
PLR_5137884OV: raises $0.15 to $0.15
PLR_3872538AB: folds
PLR_1721666YV: folds
PLR_9577688JR: folds
PLR_2026339ZV: folds
PLR_9194547ZG: folds
Hero: calls $0.15 
PLR_2717984WL: folds
PLR_5180063CJ: calls $0.10 
*** FLOP *** [4d Jh 8c]
PLR_5180063CJ: checks
PLR_5137884OV: bets $0.25 
Hero: calls $0.25 
PLR_5180063CJ: folds
*** TURN *** [4d Jh 8c] [6c]
PLR_5137884OV: bets $0.97 
Hero: folds
Uncalled bet ($0.97) returned to PLR_5137884OV
PLR_5137884OV: doesn't show hand
PLR_5137884OV collected $0.93 from pot
*** SUMMARY ***
Total pot $0.97 | Rake $0.04
Board [4d Jh 8c 6c]
Seat 1: Hero (button) showed
Seat 2: PLR_2717984WL (small blind) showed
Seat 3: PLR_5180063CJ (big blind) showed
Seat 4: PLR_5137884OV won ($0.93)
Seat 5: PLR_3872538AB showed
Seat 6: PLR_1721666YV showed
Seat 7: PLR_9577688JR showed
Seat 8: PLR_2026339ZV showed
Seat 9: PLR_9194547ZG showed



PokerStars Hand #3435198363: Hold'em No Limit ($0.02/$0.05) - 2017/03/10 23:27:53
Table '#11428969' Seat #2 is the button
Seat 1: Hero ($4.18 in chips)
Seat 2: PLR_2717984WL ($7.15 in chips)
Seat 3: PLR_5180063CJ ($2.63 in chips)
Seat 4: PLR_5137884OV ($18.78 in chips)
Seat 5: PLR_3872538AB ($4.85 in chips)
Seat 6: PLR_1721666YV ($3.21 in chips)
Seat 7: PLR_9577688JR ($4.14 in chips)
Seat 8: PLR_2026339ZV ($1.36 in chips)
Seat 9: PLR_9194547ZG ($4.92 in chips)
PLR_5180063CJ: posts small blind $0.02
PLR_5137884OV: posts big blind $0.05
*** HOLE CARDS ***
Dealt to Hero [Td Qd]
PLR_3872538AB: folds
PLR_1721666YV: folds
PLR_9577688JR: calls $0.05 
PLR_2026339ZV: folds
PLR_9194547ZG: folds
Hero: raises $0.22 to $0.22
PLR_2717984WL: folds
PLR_5180063CJ: calls $0.20 
PLR_5137884OV: folds
PLR_9577688JR: calls $0.17 
*** FLOP *** [8d 5d 6h]
PLR_5180063CJ: bets $0.48 
PLR_9577688JR: folds
Hero: calls $0.48 
*** TURN *** [8d 5d 6h] [Th]
PLR_5180063CJ: checks
Hero: bets $0.88 
PLR_5180063CJ: calls $0.88 
*** RIVER *** [8d 5d 6h Th] [5s]
PLR_5180063CJ: bets $1.05 and is all-in
Hero: calls $1.05 
*** SHOW DOWN ***
PLR_5180063CJ: shows [Qc 4s] (a pair of Fives)
Hero: shows [Td Qd] (two pair, Tens and Queens)
Hero collected $5.26 from pot
*** SUMMARY ***
Total pot $5.53 | Rake $0.27
Board [8d 5d 6h Th 5s]
Seat 1: Hero showed [Td Qd] and won ($5.26) with two pair, Tens and Queens
Seat 2: PLR_2717984WL (button) showed
Seat 3: PLR_5180063CJ (small blind) showed [Qc 4s] and lost with a pair of Fives
Seat 4: PLR_5137884OV (big blind) showed
Seat 5: PLR_3872538AB showed
Seat 6: PLR_1721666YV showed
Seat 7: PLR_9577688JR showed
Seat 8: PLR_2026339ZV showed
Seat 9: PLR_9194547ZG showed



PokerStars Hand #3435199232: Hold'em No Limit ($0.02/$0.05) - 2017/03/10 23:29:43
Table '#11428969' Seat #2 is the button
Seat 1: Hero ($6.81 in chips)
Seat 2: PLR_2717984WL ($7.15 in chips)
Seat 4: PLR_5137884OV ($18.73 in chips)
Seat 5: PLR_3872538AB ($4.85 in chips)
Seat 6: PLR_1721666YV ($3.21 in chips)
Seat 7: PLR_9577688JR ($3.92 in chips)
Seat 8: PLR_2026339ZV ($1.36 in chips)
Seat 9: PLR_9194547ZG ($4.92 in chips)
Set dealer
PLR_5137884OV: posts small blind $0.02
PLR_3872538AB: posts big blind $0.05
*** HOLE CARDS ***
Dealt to Hero [4c Th]
PLR_1721666YV: calls $0.05 
Table leave user
PLR_9577688JR: calls $0.05 
PLR_2026339ZV: folds
PLR_9194547ZG: folds
Hero: folds
PLR_2717984WL: raises $0.30 to $0.30
PLR_5137884OV: folds
PLR_3872538AB: folds
PLR_1721666YV: folds
PLR_9577688JR: folds
Uncalled bet ($0.25) returned to PLR_2717984WL
PLR_2717984WL: doesn't show hand
PLR_2717984WL collected $0.22 from pot
*** SUMMARY ***
Total pot $0.22 | Rake $0.00
Seat 1: Hero showed
Seat 2: PLR_2717984WL (button) won ($0.22)
Seat 4: PLR_5137884OV (small blind) showed
Seat 5: PLR_3872538AB (big blind) showed
Seat 6: PLR_1721666YV showed
Seat 7: PLR_9577688JR showed
Seat 8: PLR_2026339ZV showed
Seat 9: PLR_9194547ZG showed



PokerStars Hand #3435199537: Hold'em No Limit ($0.02/$0.05) - 2017/03/10 23:30:19
Table '#11428969' Seat #4 is the button
Seat 1: Hero ($6.81 in chips)
Seat 2: PLR_2717984WL ($7.32 in chips)
Seat 4: PLR_5137884OV ($18.71 in chips)
Seat 5: PLR_3872538AB ($4.80 in chips)
Seat 6: PLR_1721666YV ($3.16 in chips)
Seat 7: PLR_9577688JR ($3.87 in chips)
Seat 8: PLR_2026339ZV ($1.36 in chips)
Seat 9: PLR_9194547ZG ($4.92 in chips)
PLR_3872538AB: posts small blind $0.02
PLR_1721666YV: posts big blind $0.05
*** HOLE CARDS ***
Dealt to Hero [4h Tc]
Table leave user
PLR_9577688JR: folds
PLR_2026339ZV: folds
PLR_9194547ZG: folds
Hero: folds
PLR_2717984WL: raises $0.12 to $0.12
PLR_5137884OV: folds
PLR_3872538AB: calls $0.10 
PLR_1721666YV: folds
*** FLOP *** [5h Kd Kc]
PLR_3872538AB: checks
PLR_2717984WL: checks
*** TURN *** [5h Kd Kc] [6s]
PLR_3872538AB: bets $0.05 
PLR_2717984WL: calls $0.05 
*** RIVER *** [5h Kd Kc 6s] [9s]
PLR_3872538AB: bets $0.15 
PLR_2717984WL: raises $0.50 to $0.50
PLR_3872538AB: folds
Uncalled bet ($0.35) returned to PLR_2717984WL
PLR_2717984WL: doesn't show hand
PLR_2717984WL collected $0.66 from pot
*** SUMMARY ***
Total pot $0.69 | Rake $0.03
Board [5h Kd Kc 6s 9s]
Seat 1: Hero showed
Seat 2: PLR_2717984WL won ($0.66)
Seat 4: PLR_5137884OV (button) showed
Seat 5: PLR_3872538AB (small blind) showed
Seat 6: PLR_1721666YV (big blind) showed
Seat 7: PLR_9577688JR showed
Seat 8: PLR_2026339ZV showed
Seat 9: PLR_9194547ZG showed



PokerStars Hand #3435200220: Hold'em No Limit ($0.02/$0.05) - 2017/03/10 23:31:45
Table '#11428969' Seat #5 is the button
Seat 1: Hero ($6.81 in chips)
Seat 2: PLR_2717984WL ($7.66 in chips)
Seat 4: PLR_5137884OV ($18.71 in chips)
Seat 5: PLR_3872538AB ($4.48 in chips)
Seat 6: PLR_1721666YV ($3.11 in chips)
Seat 7: PLR_9577688JR ($3.87 in chips)
Seat 8: PLR_2026339ZV ($1.36 in chips)
Seat 9: PLR_9194547ZG ($4.92 in chips)
PLR_1721666YV: posts small blind $0.02
PLR_9577688JR: posts big blind $0.05
*** HOLE CARDS ***
Dealt to Hero [8s 6h]
PLR_2026339ZV: folds
PLR_9194547ZG: folds
Hero: folds
PLR_2717984WL: folds
PLR_5137884OV: folds
PLR_3872538AB: raises $0.15 to $0.15
PLR_1721666YV: folds
PLR_9577688JR: folds
Uncalled bet ($0.10) returned to PLR_3872538AB
PLR_3872538AB: doesn't show hand
PLR_3872538AB collected $0.12 from pot
*** SUMMARY ***
Total pot $0.12 | Rake $0.00
Seat 1: Hero showed
Seat 2: PLR_2717984WL showed
Seat 4: PLR_5137884OV showed
Seat 5: PLR_3872538AB (button) won ($0.12)
Seat 6: PLR_1721666YV (small blind) showed
Seat 7: PLR_9577688JR (big blind) showed
Seat 8: PLR_2026339ZV showed
Seat 9: PLR_9194547ZG showed



PokerStars Hand #3435200462: Hold'em No Limit ($0.02/$0.05) - 2017/03/10 23:32:15
Table '#11428969' Seat #6 is the button
Seat 1: Hero ($6.81 in chips)
Seat 2: PLR_2717984WL ($7.66 in chips)
Seat 4: PLR_5137884OV ($18.71 in chips)
Seat 5: PLR_3872538AB ($4.55 in chips)
Seat 6: PLR_1721666YV ($3.09 in chips)
Seat 7: PLR_9577688JR ($3.82 in chips)
Seat 8: PLR_2026339ZV ($1.36 in chips)
Seat 9: PLR_9194547ZG ($4.92 in chips)
PLR_9577688JR: posts small blind $0.02
PLR_2026339ZV: posts big blind $0.05
*** HOLE CARDS ***
Dealt to Hero [Jc 4d]
PLR_9194547ZG: folds
Hero: folds
PLR_2717984WL: folds
PLR_5137884OV: raises $0.15 to $0.15
PLR_3872538AB: folds
PLR_1721666YV: folds
PLR_9577688JR: folds
PLR_2026339ZV: folds
Uncalled bet ($0.10) returned to PLR_5137884OV
PLR_5137884OV: doesn't show hand
PLR_5137884OV collected $0.12 from pot
*** SUMMARY ***
Total pot $0.12 | Rake $0.00
Seat 1: Hero showed
Seat 2: PLR_2717984WL showed
Seat 4: PLR_5137884OV won ($0.12)
Seat 5: PLR_3872538AB showed
Seat 6: PLR_1721666YV (button) showed
Seat 7: PLR_9577688JR (small blind) showed
Seat 8: PLR_2026339ZV (big blind) showed
Seat 9: PLR_9194547ZG showed



PokerStars Hand #3435200733: Hold'em No Limit ($0.02/$0.05) - 2017/03/10 23:32:49
Table '#11428969' Seat #7 is the button
Seat 1: Hero ($6.81 in chips)
Seat 2: PLR_2717984WL ($7.66 in chips)
Seat 4: PLR_5137884OV ($18.78 in chips)
Seat 5: PLR_3872538AB ($4.55 in chips)
Seat 6: PLR_1721666YV ($3.09 in chips)
Seat 7: PLR_9577688JR ($3.80 in chips)
Seat 8: PLR_2026339ZV ($1.31 in chips)
Seat 9: PLR_9194547ZG ($4.92 in chips)
PLR_2026339ZV: posts small blind $0.02
PLR_9194547ZG: posts big blind $0.05
*** HOLE CARDS ***
Dealt to Hero [2d 5s]
Hero: folds
PLR_2717984WL: folds
PLR_5137884OV: raises $0.25 to $0.25
PLR_3872538AB: calls $0.25 
PLR_1721666YV: folds
PLR_9577688JR: folds
PLR_2026339ZV: folds
Seat sit down
Table deposit $1.50 
PLR_9194547ZG: folds
*** FLOP *** [5d 3h 4c]
Table leave user
PLR_5137884OV: bets $0.57 
PLR_3872538AB: calls $0.57 
*** TURN *** [5d 3h 4c] [3s]
PLR_5137884OV: bets $4 
Table leave user
PLR_3872538AB: calls $3.73 and is all-in
*** RIVER *** [5d 3h 4c 3s] [Ts]
*** SHOW DOWN ***
PLR_5137884OV: shows [4s Ah] (two pair, Fours and Aces)
PLR_3872538AB: shows [6s 6d] (two pair, Sixs and Tens)
Uncalled bet ($0.27) returned to PLR_5137884OV
PLR_3872538AB collected $8.72 from pot
*** SUMMARY ***
Total pot $9.17 | Rake $0.45
Board [5d 3h 4c 3s Ts]
Seat 1: Hero showed
Seat 2: PLR_2717984WL showed
Seat 4: PLR_5137884OV showed [4s Ah] and lost with two pair, Fours and Aces
Seat 5: PLR_3872538AB showed [6s 6d] and won ($8.72) with two pair, Sixes and Tens
Seat 6: PLR_1721666YV showed
Seat 7: PLR_9577688JR (button) showed
Seat 8: PLR_2026339ZV (small blind) showed
Seat 9: PLR_9194547ZG (big blind) showed



PokerStars Hand #3435201298: Hold'em No Limit ($0.02/$0.05) - 2017/03/10 23:34:02
Table '#11428969' Seat #8 is the button
Seat 1: Hero ($6.81 in chips)
Seat 2: PLR_2717984WL ($7.66 in chips)
Seat 4: PLR_5137884OV ($14.23 in chips)
Seat 5: PLR_3872538AB ($8.72 in chips)
Seat 6: PLR_1721666YV ($3.09 in chips)
Seat 7: PLR_9577688JR ($3.80 in chips)
Seat 8: PLR_2026339ZV ($1.29 in chips)
Seat 9: PLR_9194547ZG ($4.87 in chips)
PLR_9194547ZG: posts small blind $0.02
Hero: posts big blind $0.05
*** HOLE CARDS ***
Dealt to Hero [2d Td]
PLR_2717984WL: folds
PLR_5137884OV: calls $0.05 
PLR_3872538AB: folds
PLR_1721666YV: calls $0.05 
PLR_9577688JR: folds
PLR_2026339ZV: raises $0.30 to $0.30
PLR_9194547ZG: folds
Hero: folds
PLR_5137884OV: folds
PLR_1721666YV: folds
Uncalled bet ($0.25) returned to PLR_2026339ZV
PLR_2026339ZV: doesn't show hand
PLR_2026339ZV collected $0.22 from pot
*** SUMMARY ***
Total pot $0.22 | Rake $0.00
Seat 1: Hero (big blind) showed
Seat 2: PLR_2717984WL showed
Seat 4: PLR_5137884OV showed
Seat 5: PLR_3872538AB showed
Seat 6: PLR_1721666YV showed
Seat 7: PLR_9577688JR showed
Seat 8: PLR_2026339ZV (button) won ($0.22)
Seat 9: PLR_9194547ZG (small blind) showed



PokerStars Hand #3435201620: Hold'em No Limit ($0.02/$0.05) - 2017/03/10 23:34:39
Table '#11428969' Seat #9 is the button
Seat 1: Hero ($6.76 in chips)
Seat 2: PLR_2717984WL ($7.66 in chips)
Seat 4: PLR_5137884OV ($14.18 in chips)
Seat 5: PLR_3872538AB ($8.72 in chips)
Seat 6: PLR_1721666YV ($3.04 in chips)
Seat 7: PLR_9577688JR ($3.80 in chips)
Seat 8: PLR_2026339ZV ($1.46 in chips)
Seat 9: PLR_9194547ZG ($4.85 in chips)
Hero: posts small blind $0.02
PLR_2717984WL: posts big blind $0.05
*** HOLE CARDS ***
Dealt to Hero [9s Jh]
PLR_5137884OV: folds
PLR_3872538AB: folds
PLR_1721666YV: folds
PLR_9577688JR: folds
PLR_2026339ZV: folds
PLR_9194547ZG: folds
Hero: raises $0.13 to $0.15
PLR_2717984WL: folds
Uncalled bet ($0.10) returned to Hero
Hero: doesn't show hand
Hero collected $0.1 from pot
*** SUMMARY ***
Total pot $0.1 | Rake $0.00
Seat 1: Hero (small blind) won ($0.1)
Seat 2: PLR_2717984WL (big blind) showed
Seat 4: PLR_5137884OV showed
Seat 5: PLR_3872538AB showed
Seat 6: PLR_1721666YV showed
Seat 7: PLR_9577688JR showed
Seat 8: PLR_2026339ZV showed
Seat 9: PLR_9194547ZG (button) showed



PokerStars Hand #3435201891: Hold'em No Limit ($0.02/$0.05) - 2017/03/10 23:35:12
Table '#11428969' Seat #1 is the button
Seat 1: Hero ($6.81 in chips)
Seat 2: PLR_2717984WL ($7.61 in chips)
Seat 3: PLR_5180063CJ ($1.50 in chips)
Seat 4: PLR_5137884OV ($14.18 in chips)
Seat 5: PLR_3872538AB ($8.72 in chips)
Seat 6: PLR_1721666YV ($3.04 in chips)
Seat 7: PLR_9577688JR ($3.80 in chips)
Seat 8: PLR_2026339ZV ($1.46 in chips)
Seat 9: PLR_9194547ZG ($4.85 in chips)
PLR_2717984WL: posts small blind $0.02
PLR_5180063CJ: posts big blind $0.05
*** HOLE CARDS ***
Dealt to Hero [4d 2c]
PLR_5137884OV: calls $0.05 
PLR_3872538AB: calls $0.05 
PLR_1721666YV: calls $0.05 
PLR_9577688JR: folds
PLR_2026339ZV: folds
PLR_9194547ZG: folds
Hero: folds
PLR_2717984WL: folds
PLR_5180063CJ: checks
*** FLOP *** [Kd Qs Qd]
PLR_5180063CJ: checks
PLR_5137884OV: bets $0.10 
PLR_3872538AB: calls $0.10 
PLR_1721666YV: folds
PLR_5180063CJ: folds
*** TURN *** [Kd Qs Qd] [3c]
PLR_5137884OV: bets $0.42 
PLR_3872538AB: calls $0.42 
*** RIVER *** [Kd Qs Qd 3c] [4s]
PLR_5137884OV: bets $9.61 
PLR_3872538AB: folds
Uncalled bet ($9.61) returned to PLR_5137884OV
PLR_5137884OV: doesn't show hand
PLR_5137884OV collected $1.2 from pot
*** SUMMARY ***
Total pot $1.26 | Rake $0.06
Board [Kd Qs Qd 3c 4s]
Seat 1: Hero (button) showed
Seat 2: PLR_2717984WL (small blind) showed
Seat 3: PLR_5180063CJ (big blind) showed
Seat 4: PLR_5137884OV won ($1.2)
Seat 5: PLR_3872538AB showed
Seat 6: PLR_1721666YV showed
Seat 7: PLR_9577688JR showed
Seat 8: PLR_2026339ZV showed
Seat 9: PLR_9194547ZG showed



PokerStars Hand #3435202583: Hold'em No Limit ($0.02/$0.05) - 2017/03/10 23:36:36
Table '#11428969' Seat #2 is the button
Seat 1: Hero ($6.81 in chips)
Seat 2: PLR_2717984WL ($7.59 in chips)
Seat 3: PLR_5180063CJ ($1.45 in chips)
Seat 4: PLR_5137884OV ($14.81 in chips)
Seat 5: PLR_3872538AB ($8.15 in chips)
Seat 6: PLR_1721666YV ($2.99 in chips)
Seat 7: PLR_9577688JR ($3.80 in chips)
Seat 8: PLR_2026339ZV ($1.46 in chips)
Seat 9: PLR_9194547ZG ($4.85 in chips)
PLR_5180063CJ: posts small blind $0.02
PLR_5137884OV: posts big blind $0.05
*** HOLE CARDS ***
Dealt to Hero [Qc 3c]
PLR_3872538AB: calls $0.05 
PLR_1721666YV: calls $0.05 
PLR_9577688JR: folds
PLR_2026339ZV: folds
PLR_9194547ZG: calls $0.05 
Hero: folds
PLR_2717984WL: folds
PLR_5180063CJ: calls $0.03 
PLR_5137884OV: checks
*** FLOP *** [Td Jc 2h]
PLR_5180063CJ: checks
PLR_5137884OV: checks
PLR_3872538AB: checks
PLR_1721666YV: bets $0.15 
PLR_9194547ZG: calls $0.15 
PLR_5180063CJ: folds
PLR_5137884OV: folds
PLR_3872538AB: folds
*** TURN *** [Td Jc 2h] [Th]
PLR_1721666YV: checks
PLR_9194547ZG: checks
*** RIVER *** [Td Jc 2h Th] [8d]
PLR_1721666YV: bets $0.25 
PLR_9194547ZG: folds
Uncalled bet ($0.25) returned to PLR_1721666YV
PLR_1721666YV: doesn't show hand
PLR_1721666YV collected $0.53 from pot
*** SUMMARY ***
Total pot $0.55 | Rake $0.02
Board [Td Jc 2h Th 8d]
Seat 1: Hero showed
Seat 2: PLR_2717984WL (button) showed
Seat 3: PLR_5180063CJ (small blind) showed
Seat 4: PLR_5137884OV (big blind) showed
Seat 5: PLR_3872538AB showed
Seat 6: PLR_1721666YV won ($0.53)
Seat 7: PLR_9577688JR showed
Seat 8: PLR_2026339ZV showed
Seat 9: PLR_9194547ZG showed



PokerStars Hand #3435203523: Hold'em No Limit ($0.02/$0.05) - 2017/03/10 23:38:29
Table '#11428969' Seat #3 is the button
Seat 1: Hero ($6.81 in chips)
Seat 2: PLR_2717984WL ($7.59 in chips)
Seat 3: PLR_5180063CJ ($1.40 in chips)
Seat 4: PLR_5137884OV ($14.76 in chips)
Seat 5: PLR_3872538AB ($8.10 in chips)
Seat 6: PLR_1721666YV ($3.32 in chips)
Seat 7: PLR_9577688JR ($3.80 in chips)
Seat 8: PLR_2026339ZV ($1.46 in chips)
Seat 9: PLR_9194547ZG ($4.65 in chips)
PLR_5137884OV: posts small blind $0.02
PLR_3872538AB: posts big blind $0.05
*** HOLE CARDS ***
Dealt to Hero [Th 9s]
PLR_1721666YV: folds
PLR_9577688JR: folds
PLR_2026339ZV: folds
PLR_9194547ZG: folds
Hero: raises $0.17 to $0.17
PLR_2717984WL: folds
PLR_5180063CJ: calls $0.17 
PLR_5137884OV: folds
PLR_3872538AB: folds
*** FLOP *** [5h Tc 7h]
Hero: bets $0.25 
PLR_5180063CJ: folds
Uncalled bet ($0.25) returned to Hero
Hero: doesn't show hand
Hero collected $0.39 from pot
*** SUMMARY ***
Total pot $0.41 | Rake $0.02
Board [5h Tc 7h]
Seat 1: Hero won ($0.39)
Seat 2: PLR_2717984WL showed
Seat 3: PLR_5180063CJ (button) showed
Seat 4: PLR_5137884OV (small blind) showed
Seat 5: PLR_3872538AB (big blind) showed
Seat 6: PLR_1721666YV showed
Seat 7: PLR_9577688JR showed
Seat 8: PLR_2026339ZV showed
Seat 9: PLR_9194547ZG showed



PokerStars Hand #3435204000: Hold'em No Limit ($0.02/$0.05) - 2017/03/10 23:39:24
Table '#11428969' Seat #4 is the button
Seat 1: Hero ($7.03 in chips)
Seat 2: PLR_2717984WL ($7.59 in chips)
Seat 3: PLR_5180063CJ ($1.23 in chips)
Seat 4: PLR_5137884OV ($14.74 in chips)
Seat 5: PLR_3872538AB ($8.05 in chips)
Seat 6: PLR_1721666YV ($3.32 in chips)
Seat 7: PLR_9577688JR ($3.80 in chips)
Seat 8: PLR_2026339ZV ($1.46 in chips)
Seat 9: PLR_9194547ZG ($4.65 in chips)
PLR_3872538AB: posts small blind $0.02
PLR_1721666YV: posts big blind $0.05
*** HOLE CARDS ***
Dealt to Hero [Ks Th]
PLR_9577688JR: folds
PLR_2026339ZV: folds
PLR_9194547ZG: folds
Hero: raises $0.17 to $0.17
PLR_2717984WL: folds
PLR_5180063CJ: folds
PLR_5137884OV: folds
PLR_3872538AB: folds
PLR_1721666YV: folds
Uncalled bet ($0.12) returned to Hero
Hero: doesn't show hand
Hero collected $0.12 from pot
*** SUMMARY ***
Total pot $0.12 | Rake $0.00
Seat 1: Hero won ($0.12)
Seat 2: PLR_2717984WL showed
Seat 3: PLR_5180063CJ showed
Seat 4: PLR_5137884OV (button) showed
Seat 5: PLR_3872538AB (small blind) showed
Seat 6: PLR_1721666YV (big blind) showed
Seat 7: PLR_9577688JR showed
Seat 8: PLR_2026339ZV showed
Seat 9: PLR_9194547ZG showed



PokerStars Hand #3435204261: Hold'em No Limit ($0.02/$0.05) - 2017/03/10 23:39:57
Table '#11428969' Seat #5 is the button
Seat 1: Hero ($7.10 in chips)
Seat 2: PLR_2717984WL ($7.59 in chips)
Seat 3: PLR_5180063CJ ($1.23 in chips)
Seat 4: PLR_5137884OV ($14.74 in chips)
Seat 5: PLR_3872538AB ($8.03 in chips)
Seat 6: PLR_1721666YV ($3.27 in chips)
Seat 8: PLR_2026339ZV ($1.46 in chips)
Seat 9: PLR_9194547ZG ($4.65 in chips)
PLR_1721666YV: posts small blind $0.02
PLR_2026339ZV: posts big blind $0.05
*** HOLE CARDS ***
Dealt to Hero [As 8s]
PLR_9194547ZG: folds
Hero: folds
PLR_2717984WL: folds
PLR_5180063CJ: calls $0.05 
PLR_5137884OV: raises $0.20 to $0.20
PLR_3872538AB: folds
PLR_1721666YV: calls $0.18 
PLR_2026339ZV: folds
PLR_5180063CJ: folds
*** FLOP *** [5s Qd 2c]
PLR_1721666YV: checks
PLR_5137884OV: bets $0.25 
PLR_1721666YV: raises $0.50 to $0.50
PLR_5137884OV: raises $2.89 to $3.14
PLR_1721666YV: calls $2.57 and is all-in
*** TURN *** [5s Qd 2c] [Jc]
*** RIVER *** [5s Qd 2c Jc] [Th]
*** SHOW DOWN ***
PLR_5137884OV: shows [6c 6s] (a pair of Sixs)
PLR_1721666YV: shows [Qh Js] (two pair, Queens and Tens)
Uncalled bet ($0.07) returned to PLR_5137884OV
PLR_1721666YV collected $6.31 from pot
*** SUMMARY ***
Total pot $6.64 | Rake $0.33
Board [5s Qd 2c Jc Th]
Seat 1: Hero showed
Seat 2: PLR_2717984WL showed
Seat 3: PLR_5180063CJ showed
Seat 4: PLR_5137884OV showed [6c 6s] and lost with a pair of Sixes
Seat 5: PLR_3872538AB (button) showed
Seat 6: PLR_1721666YV (small blind) showed [Qh Js] and won ($6.31) with two pair, Queens and Tens
Seat 8: PLR_2026339ZV (big blind) showed
Seat 9: PLR_9194547ZG showed



PokerStars Hand #3435204905: Hold'em No Limit ($0.02/$0.05) - 2017/03/10 23:41:12
Table '#11428969' Seat #6 is the button
Seat 1: Hero ($7.10 in chips)
Seat 2: PLR_2717984WL ($7.59 in chips)
Seat 3: PLR_5180063CJ ($1.18 in chips)
Seat 4: PLR_5137884OV ($11.47 in chips)
Seat 5: PLR_3872538AB ($8.03 in chips)
Seat 6: PLR_1721666YV ($6.31 in chips)
Seat 8: PLR_2026339ZV ($1.41 in chips)
Seat 9: PLR_9194547ZG ($4.65 in chips)
PLR_2026339ZV: posts small blind $0.02
PLR_9194547ZG: posts big blind $0.05
*** HOLE CARDS ***
Dealt to Hero [Ah 8d]
Hero: folds
PLR_2717984WL: folds
PLR_5180063CJ: calls $0.05 
PLR_5137884OV: folds
PLR_3872538AB: calls $0.05 
PLR_1721666YV: calls $0.05 
PLR_2026339ZV: calls $0.03 
PLR_9194547ZG: checks
*** FLOP *** [6c 4c 3d]
PLR_2026339ZV: checks
PLR_9194547ZG: checks
PLR_5180063CJ: checks
PLR_3872538AB: checks
PLR_1721666YV: checks
*** TURN *** [6c 4c 3d] [Qd]
PLR_2026339ZV: checks
PLR_9194547ZG: checks
PLR_5180063CJ: checks
PLR_3872538AB: checks
PLR_1721666YV: checks
*** RIVER *** [6c 4c 3d Qd] [5c]
PLR_2026339ZV: bets $0.25 
PLR_9194547ZG: folds
PLR_5180063CJ: calls $0.25 
PLR_3872538AB: folds
PLR_1721666YV: folds
*** SHOW DOWN ***
PLR_2026339ZV: shows [Tc Jc] (a flush, Jack high)
PLR_5180063CJ: shows [2c Js] (a straight, Deuce to Six)
PLR_2026339ZV collected $0.72 from pot
*** SUMMARY ***
Total pot $0.75 | Rake $0.03
Board [6c 4c 3d Qd 5c]
Seat 1: Hero showed
Seat 2: PLR_2717984WL showed
Seat 3: PLR_5180063CJ showed [2c Js] and lost with a straight, Deuce to Six
Seat 4: PLR_5137884OV showed
Seat 5: PLR_3872538AB showed
Seat 6: PLR_1721666YV (button) showed
Seat 8: PLR_2026339ZV (small blind) showed [Tc Jc] and won ($0.72) with a flush, Six high
Seat 9: PLR_9194547ZG (big blind) showed



PokerStars Hand #3435205910: Hold'em No Limit ($0.02/$0.05) - 2017/03/10 23:43:10
Table '#11428969' Seat #8 is the button
Seat 1: Hero ($7.10 in chips)
Seat 2: PLR_2717984WL ($7.59 in chips)
Seat 3: PLR_5180063CJ ($0.88 in chips)
Seat 4: PLR_5137884OV ($11.47 in chips)
Seat 5: PLR_3872538AB ($7.98 in chips)
Seat 6: PLR_1721666YV ($6.26 in chips)
Seat 8: PLR_2026339ZV ($1.83 in chips)
Seat 9: PLR_9194547ZG ($4.60 in chips)
PLR_9194547ZG: posts small blind $0.02
Hero: posts big blind $0.05
*** HOLE CARDS ***
Dealt to Hero [7c 5d]
PLR_2717984WL: folds
PLR_5180063CJ: calls $0.05 
PLR_5137884OV: raises $0.15 to $0.15
PLR_3872538AB: folds
PLR_1721666YV: folds
PLR_2026339ZV: folds
PLR_9194547ZG: calls $0.13 
Hero: folds
PLR_5180063CJ: calls $0.10 
*** FLOP *** [Jd Qh 7s]
Seat sit down
Table deposit $5 
PLR_9194547ZG: bets $0.74 
PLR_5180063CJ: calls $0.73 and is all-in
PLR_5137884OV: folds
*** TURN *** [Jd Qh 7s] [3c]
*** RIVER *** [Jd Qh 7s 3c] [Tc]
*** SHOW DOWN ***
PLR_5180063CJ: shows [Td Qs] (two pair, Queens and Jacks)
PLR_9194547ZG: shows [Qd Ks] (a pair of Queens)
Uncalled bet ($0.01) returned to PLR_9194547ZG
PLR_5180063CJ collected $1.87 from pot
*** SUMMARY ***
Total pot $1.96 | Rake $0.09
Board [Jd Qh 7s 3c Tc]
Seat 1: Hero (big blind) showed
Seat 2: PLR_2717984WL showed
Seat 3: PLR_5180063CJ showed [Td Qs] and won ($1.87) with two pair, Queens and Tens
Seat 4: PLR_5137884OV showed
Seat 5: PLR_3872538AB showed
Seat 6: PLR_1721666YV showed
Seat 8: PLR_2026339ZV (button) showed
Seat 9: PLR_9194547ZG (small blind) showed [Qd Ks] and lost with a pair of Queens



PokerStars Hand #3435206400: Hold'em No Limit ($0.02/$0.05) - 2017/03/10 23:44:15
Table '#11428969' Seat #9 is the button
Seat 1: Hero ($7.05 in chips)
Seat 2: PLR_2717984WL ($7.59 in chips)
Seat 3: PLR_5180063CJ ($1.87 in chips)
Seat 4: PLR_5137884OV ($11.32 in chips)
Seat 5: PLR_3872538AB ($7.98 in chips)
Seat 6: PLR_1721666YV ($6.26 in chips)
Seat 8: PLR_9420644IT ($5 in chips)
Seat 9: PLR_9194547ZG ($3.72 in chips)
Hero: posts small blind $0.02
PLR_2717984WL: posts big blind $0.05
PLR_9420644IT: posts big blind $0.05
*** HOLE CARDS ***
Dealt to Hero [4d Ts]
PLR_5180063CJ: calls $0.05 
PLR_5137884OV: calls $0.05 
PLR_3872538AB: calls $0.05 
PLR_1721666YV: calls $0.05 
PLR_9420644IT: checks
PLR_9194547ZG: folds
Hero: calls $0.03 
PLR_2717984WL: checks
*** FLOP *** [Js Kc Qd]
Hero: checks
PLR_2717984WL: checks
PLR_5180063CJ: checks
PLR_5137884OV: bets $0.15 
PLR_3872538AB: calls $0.15 
PLR_1721666YV: folds
PLR_9420644IT: calls $0.15 
Hero: calls $0.15 
PLR_2717984WL: folds
PLR_5180063CJ: folds
*** TURN *** [Js Kc Qd] [3c]
Hero: checks
PLR_5137884OV: bets $0.35 
PLR_3872538AB: folds
PLR_9420644IT: folds
Hero: calls $0.35 
*** RIVER *** [Js Kc Qd 3c] [Kd]
Seat sit down
Hero: checks
PLR_5137884OV: bets $1 
Hero: folds
Uncalled bet ($1) returned to PLR_5137884OV
PLR_5137884OV: doesn't show hand
PLR_5137884OV collected $1.57 from pot
*** SUMMARY ***
Total pot $1.65 | Rake $0.08
Board [Js Kc Qd 3c Kd]
Seat 1: Hero (small blind) showed
Seat 2: PLR_2717984WL (big blind) showed
Seat 3: PLR_5180063CJ showed
Seat 4: PLR_5137884OV won ($1.57)
Seat 5: PLR_3872538AB showed
Seat 6: PLR_1721666YV showed
Seat 8: PLR_9420644IT showed
Seat 9: PLR_9194547ZG (button) showed



PokerStars Hand #3435207326: Hold'em No Limit ($0.02/$0.05) - 2017/03/10 23:46:10
Table '#11428969' Seat #1 is the button
Seat 1: Hero ($6.50 in chips)
Seat 2: PLR_2717984WL ($7.54 in chips)
Seat 3: PLR_5180063CJ ($1.82 in chips)
Seat 4: PLR_5137884OV ($12.34 in chips)
Seat 5: PLR_3872538AB ($7.78 in chips)
Seat 6: PLR_1721666YV ($6.21 in chips)
Seat 8: PLR_9420644IT ($4.80 in chips)
Seat 9: PLR_9194547ZG ($3.72 in chips)
PLR_2717984WL: posts small blind $0.02
PLR_5180063CJ: posts big blind $0.05
*** HOLE CARDS ***
Dealt to Hero [Kd 2h]
PLR_5137884OV: folds
PLR_3872538AB: folds
PLR_1721666YV: calls $0.05 
PLR_9420644IT: raises $0.22 to $0.22
PLR_9194547ZG: folds
Hero: folds
PLR_2717984WL: folds
PLR_5180063CJ: calls $0.17 
PLR_1721666YV: folds
*** FLOP *** [Kh 9s 5c]
PLR_5180063CJ: bets $0.10 
PLR_9420644IT: raises $0.45 to $0.45
PLR_5180063CJ: folds
Uncalled bet ($0.35) returned to PLR_9420644IT
PLR_9420644IT: doesn't show hand
PLR_9420644IT collected $0.68 from pot
*** SUMMARY ***
Total pot $0.71 | Rake $0.03
Board [Kh 9s 5c]
Seat 1: Hero (button) showed
Seat 2: PLR_2717984WL (small blind) showed
Seat 3: PLR_5180063CJ (big blind) showed
Seat 4: PLR_5137884OV showed
Seat 5: PLR_3872538AB showed
Seat 6: PLR_1721666YV showed
Seat 8: PLR_9420644IT won ($0.68)
Seat 9: PLR_9194547ZG showed



PokerStars Hand #3435207771: Hold'em No Limit ($0.02/$0.05) - 2017/03/10 23:47:10
Table '#11428969' Seat #2 is the button
Seat 1: Hero ($6.50 in chips)
Seat 2: PLR_2717984WL ($7.52 in chips)
Seat 3: PLR_5180063CJ ($1.50 in chips)
Seat 4: PLR_5137884OV ($12.34 in chips)
Seat 5: PLR_3872538AB ($7.78 in chips)
Seat 6: PLR_1721666YV ($6.16 in chips)
Seat 8: PLR_9420644IT ($5.16 in chips)
Seat 9: PLR_9194547ZG ($3.72 in chips)
PLR_5180063CJ: posts small blind $0.02
PLR_5137884OV: posts big blind $0.05
*** HOLE CARDS ***
Dealt to Hero [3h Kd]
PLR_3872538AB: folds
PLR_1721666YV: calls $0.05 
PLR_9420644IT: folds
PLR_9194547ZG: folds
Hero: folds
PLR_2717984WL: folds
PLR_5180063CJ: calls $0.03 
PLR_5137884OV: checks
*** FLOP *** [8d 5d 8s]
PLR_5180063CJ: checks
PLR_5137884OV: checks
PLR_1721666YV: bets $0.11 
PLR_5180063CJ: folds
PLR_5137884OV: folds
Uncalled bet ($0.11) returned to PLR_1721666YV
PLR_1721666YV: doesn't show hand
PLR_1721666YV collected $0.15 from pot
*** SUMMARY ***
Total pot $0.15 | Rake $0.00
Board [8d 5d 8s]
Seat 1: Hero showed
Seat 2: PLR_2717984WL (button) showed
Seat 3: PLR_5180063CJ (small blind) showed
Seat 4: PLR_5137884OV (big blind) showed
Seat 5: PLR_3872538AB showed
Seat 6: PLR_1721666YV won ($0.15)
Seat 8: PLR_9420644IT showed
Seat 9: PLR_9194547ZG showed



PokerStars Hand #3435208189: Hold'em No Limit ($0.02/$0.05) - 2017/03/10 23:48:04
Table '#11428969' Seat #3 is the button
Seat 1: Hero ($6.50 in chips)
Seat 2: PLR_2717984WL ($7.52 in chips)
Seat 3: PLR_5180063CJ ($1.45 in chips)
Seat 4: PLR_5137884OV ($12.29 in chips)
Seat 5: PLR_3872538AB ($7.78 in chips)
Seat 6: PLR_1721666YV ($6.26 in chips)
Seat 8: PLR_9420644IT ($5.16 in chips)
Seat 9: PLR_9194547ZG ($3.72 in chips)
PLR_5137884OV: posts small blind $0.02
PLR_3872538AB: posts big blind $0.05
*** HOLE CARDS ***
Dealt to Hero [6d 3h]
PLR_1721666YV: folds
PLR_9420644IT: calls $0.05 
PLR_9194547ZG: folds
Hero: folds
PLR_2717984WL: folds
PLR_5180063CJ: calls $0.05 
PLR_5137884OV: calls $0.03 
PLR_3872538AB: checks
*** FLOP *** [2c 2d 9s]
PLR_5137884OV: checks
PLR_3872538AB: bets $0.10 
PLR_9420644IT: folds
PLR_5180063CJ: calls $0.10 
PLR_5137884OV: folds
*** TURN *** [2c 2d 9s] [3c]
PLR_3872538AB: bets $0.15 
PLR_5180063CJ: folds
Uncalled bet ($0.15) returned to PLR_3872538AB
PLR_3872538AB: doesn't show hand
PLR_3872538AB collected $0.38 from pot
*** SUMMARY ***
Total pot $0.4 | Rake $0.02
Board [2c 2d 9s 3c]
Seat 1: Hero showed
Seat 2: PLR_2717984WL showed
Seat 3: PLR_5180063CJ (button) showed
Seat 4: PLR_5137884OV (small blind) showed
Seat 5: PLR_3872538AB (big blind) won ($0.38)
Seat 6: PLR_1721666YV showed
Seat 8: PLR_9420644IT showed
Seat 9: PLR_9194547ZG showed



PokerStars Hand #3435208665: Hold'em No Limit ($0.02/$0.05) - 2017/03/10 23:49:02
Table '#11428969' Seat #4 is the button
Seat 1: Hero ($6.50 in chips)
Seat 2: PLR_2717984WL ($7.52 in chips)
Seat 3: PLR_5180063CJ ($1.30 in chips)
Seat 4: PLR_5137884OV ($12.24 in chips)
Seat 5: PLR_3872538AB ($8.01 in chips)
Seat 6: PLR_1721666YV ($6.26 in chips)
Seat 8: PLR_9420644IT ($5.11 in chips)
Seat 9: PLR_9194547ZG ($3.72 in chips)
PLR_3872538AB: posts small blind $0.02
PLR_1721666YV: posts big blind $0.05
*** HOLE CARDS ***
Dealt to Hero [2h Tc]
PLR_9420644IT: calls $0.05 
PLR_9194547ZG: folds
Hero: folds
PLR_2717984WL: folds
PLR_5180063CJ: calls $0.05 
PLR_5137884OV: calls $0.05 
PLR_3872538AB: calls $0.03 
PLR_1721666YV: checks
*** FLOP *** [4c Td 2d]
PLR_3872538AB: checks
PLR_1721666YV: checks
PLR_9420644IT: checks
PLR_5180063CJ: checks
PLR_5137884OV: bets $0.10 
PLR_3872538AB: calls $0.10 
PLR_1721666YV: calls $0.10 
PLR_9420644IT: folds
PLR_5180063CJ: folds
*** TURN *** [4c Td 2d] [8d]
PLR_3872538AB: checks
PLR_1721666YV: checks
PLR_5137884OV: checks
*** RIVER *** [4c Td 2d 8d] [4h]
PLR_3872538AB: bets $0.30 
PLR_1721666YV: folds
PLR_5137884OV: calls $0.30 
*** SHOW DOWN ***
PLR_3872538AB: shows [3d 9d] (a flush, Ten high)
PLR_5137884OV: shows [4s As] (Three of a kind)
PLR_3872538AB collected $1.1 from pot
*** SUMMARY ***
Total pot $1.15 | Rake $0.05
Board [4c Td 2d 8d 4h]
Seat 1: Hero showed
Seat 2: PLR_2717984WL showed
Seat 3: PLR_5180063CJ showed
Seat 4: PLR_5137884OV (button) showed [4s As]
Seat 5: PLR_3872538AB (small blind) showed [3d 9d] and won ($1.1) with a flush, Ten high
Seat 6: PLR_1721666YV (big blind) showed
Seat 8: PLR_9420644IT showed
Seat 9: PLR_9194547ZG showed



PokerStars Hand #3435209481: Hold'em No Limit ($0.02/$0.05) - 2017/03/10 23:50:38
Table '#11428969' Seat #5 is the button
Seat 1: Hero ($6.50 in chips)
Seat 2: PLR_2717984WL ($7.52 in chips)
Seat 3: PLR_5180063CJ ($1.25 in chips)
Seat 4: PLR_5137884OV ($11.79 in chips)
Seat 5: PLR_3872538AB ($8.66 in chips)
Seat 6: PLR_1721666YV ($6.11 in chips)
Seat 8: PLR_9420644IT ($5.06 in chips)
Seat 9: PLR_9194547ZG ($3.72 in chips)
PLR_1721666YV: posts small blind $0.02
PLR_9420644IT: posts big blind $0.05
*** HOLE CARDS ***
Dealt to Hero [9d Kh]
PLR_9194547ZG: folds
Hero: folds
PLR_2717984WL: folds
PLR_5180063CJ: folds
PLR_5137884OV: folds
PLR_3872538AB: folds
PLR_1721666YV: calls $0.03 
Seat sit down
PLR_9420644IT: checks
*** FLOP *** [5s Ah Qs]
Table deposit $1.50 
PLR_1721666YV: bets $0.05 
Table deposit $1.50 
PLR_9420644IT: folds
Uncalled bet ($0.05) returned to PLR_1721666YV
PLR_1721666YV: doesn't show hand
PLR_1721666YV collected $0.1 from pot
*** SUMMARY ***
Total pot $0.1 | Rake $0.00
Board [5s Ah Qs]
Seat 1: Hero showed
Seat 2: PLR_2717984WL showed
Seat 3: PLR_5180063CJ showed
Seat 4: PLR_5137884OV showed
Seat 5: PLR_3872538AB (button) showed
Seat 6: PLR_1721666YV (small blind) won ($0.1)
Seat 8: PLR_9420644IT (big blind) showed
Seat 9: PLR_9194547ZG showed



PokerStars Hand #3435209789: Hold'em No Limit ($0.02/$0.05) - 2017/03/10 23:51:15
Table '#11428969' Seat #6 is the button
Seat 1: Hero ($6.50 in chips)
Seat 2: PLR_2717984WL ($7.52 in chips)
Seat 3: PLR_5180063CJ ($1.25 in chips)
Seat 4: PLR_5137884OV ($11.79 in chips)
Seat 5: PLR_3872538AB ($8.66 in chips)
Seat 6: PLR_1721666YV ($6.16 in chips)
Seat 8: PLR_9420644IT ($5.01 in chips)
Seat 9: PLR_9194547ZG ($3.72 in chips)
PLR_9420644IT: posts small blind $0.02
PLR_9194547ZG: posts big blind $0.05
*** HOLE CARDS ***
Dealt to Hero [3c 8s]
Hero: folds
PLR_2717984WL: folds
PLR_5180063CJ: calls $0.05 
PLR_5137884OV: calls $0.05 
PLR_3872538AB: calls $0.05 
PLR_1721666YV: calls $0.05 
PLR_9420644IT: calls $0.03 
PLR_9194547ZG: checks
*** FLOP *** [2s 9c Ac]
PLR_9420644IT: checks
PLR_9194547ZG: checks
PLR_5180063CJ: checks
PLR_5137884OV: checks
PLR_3872538AB: checks
PLR_1721666YV: bets $0.11 
Table deposit $1.50 
PLR_9420644IT: calls $0.11 
PLR_9194547ZG: folds
PLR_5180063CJ: folds
PLR_5137884OV: folds
PLR_3872538AB: raises $0.32 to $0.32
PLR_1721666YV: folds
PLR_9420644IT: folds
Uncalled bet ($0.21) returned to PLR_3872538AB
PLR_3872538AB: doesn't show hand
PLR_3872538AB collected $0.6 from pot
*** SUMMARY ***
Total pot $0.63 | Rake $0.03
Board [2s 9c Ac]
Seat 1: Hero showed
Seat 2: PLR_2717984WL showed
Seat 3: PLR_5180063CJ showed
Seat 4: PLR_5137884OV showed
Seat 5: PLR_3872538AB won ($0.6)
Seat 6: PLR_1721666YV (button) showed
Seat 8: PLR_9420644IT (small blind) showed
Seat 9: PLR_9194547ZG (big blind) showed



PokerStars Hand #3435210864: Hold'em No Limit ($0.02/$0.05) - 2017/03/10 23:53:34
Table '#11428969' Seat #8 is the button
Seat 1: Hero ($6.50 in chips)
Seat 2: PLR_2717984WL ($7.52 in chips)
Seat 3: PLR_5180063CJ ($1.20 in chips)
Seat 4: PLR_5137884OV ($11.74 in chips)
Seat 5: PLR_3872538AB ($9.10 in chips)
Seat 6: PLR_1721666YV ($6 in chips)
Seat 7: PLR_4196768EA ($4.50 in chips)
Seat 8: PLR_9420644IT ($4.85 in chips)
Seat 9: PLR_9194547ZG ($3.67 in chips)
PLR_9194547ZG: posts small blind $0.02
Hero: posts big blind $0.05
PLR_4196768EA: posts big blind $0.05
*** HOLE CARDS ***
Dealt to Hero [3d 8s]
PLR_2717984WL: raises $0.12 to $0.12
PLR_5180063CJ: folds
PLR_5137884OV: folds
PLR_3872538AB: calls $0.12 
PLR_1721666YV: folds
PLR_4196768EA: calls $0.07 
PLR_9420644IT: folds
PLR_9194547ZG: folds
Hero: folds
*** FLOP *** [8h 8d 9s]
PLR_2717984WL: checks
PLR_3872538AB: checks
PLR_4196768EA: bets $0.17 
PLR_2717984WL: calls $0.17 
PLR_3872538AB: folds
*** TURN *** [8h 8d 9s] [Td]
PLR_2717984WL: bets $0.40 
PLR_4196768EA: raises $1 to $1
PLR_2717984WL: folds
Uncalled bet ($0.60) returned to PLR_4196768EA
PLR_4196768EA: doesn't show hand
PLR_4196768EA collected $1.5 from pot
*** SUMMARY ***
Total pot $1.57 | Rake $0.07
Board [8h 8d 9s Td]
Seat 1: Hero (big blind) showed
Seat 2: PLR_2717984WL showed
Seat 3: PLR_5180063CJ showed
Seat 4: PLR_5137884OV showed
Seat 5: PLR_3872538AB showed
Seat 6: PLR_1721666YV showed
Seat 7: PLR_4196768EA won ($1.5)
Seat 8: PLR_9420644IT (button) showed
Seat 9: PLR_9194547ZG (small blind) showed



PokerStars Hand #3435211982: Hold'em No Limit ($0.02/$0.05) - 2017/03/10 23:55:58
Table '#11428969' Seat #9 is the button
Seat 1: Hero ($6.45 in chips)
Seat 2: PLR_2717984WL ($6.83 in chips)
Seat 3: PLR_5180063CJ ($1.20 in chips)
Seat 4: PLR_5137884OV ($11.74 in chips)
Seat 5: PLR_3872538AB ($8.98 in chips)
Seat 7: PLR_4196768EA ($5.31 in chips)
Seat 8: PLR_9420644IT ($4.85 in chips)
Seat 9: PLR_9194547ZG ($3.65 in chips)
Hero: posts small blind $0.02
PLR_2717984WL: posts big blind $0.05
*** HOLE CARDS ***
Dealt to Hero [5c 2d]
PLR_5180063CJ: calls $0.05 
PLR_5137884OV: folds
PLR_3872538AB: calls $0.05 
Table leave user
PLR_4196768EA: calls $0.05 
PLR_9420644IT: folds
PLR_9194547ZG: folds
Hero: folds
PLR_2717984WL: checks
*** FLOP *** [Ad 6d 3d]
PLR_2717984WL: bets $0.15 
PLR_5180063CJ: folds
PLR_3872538AB: calls $0.15 
PLR_4196768EA: calls $0.15 
*** TURN *** [Ad 6d 3d] [Tc]
PLR_2717984WL: bets $0.34 
PLR_3872538AB: folds
PLR_4196768EA: folds
Uncalled bet ($0.34) returned to PLR_2717984WL
PLR_2717984WL: doesn't show hand
PLR_2717984WL collected $0.64 from pot
*** SUMMARY ***
Total pot $0.67 | Rake $0.03
Board [Ad 6d 3d Tc]
Seat 1: Hero (small blind) showed
Seat 2: PLR_2717984WL (big blind) won ($0.64)
Seat 3: PLR_5180063CJ showed
Seat 4: PLR_5137884OV showed
Seat 5: PLR_3872538AB showed
Seat 7: PLR_4196768EA showed
Seat 8: PLR_9420644IT showed
Seat 9: PLR_9194547ZG (button) showed



PokerStars Hand #3435213045: Hold'em No Limit ($0.02/$0.05) - 2017/03/10 23:58:08
Table '#11428969' Seat #1 is the button
Seat 1: Hero ($6.43 in chips)
Seat 2: PLR_2717984WL ($7.27 in chips)
Seat 3: PLR_5180063CJ ($1.15 in chips)
Seat 4: PLR_5137884OV ($11.74 in chips)
Seat 5: PLR_3872538AB ($8.78 in chips)
Seat 7: PLR_4196768EA ($5.11 in chips)
Seat 8: PLR_9420644IT ($4.85 in chips)
Seat 9: PLR_9194547ZG ($3.65 in chips)
PLR_2717984WL: posts small blind $0.02
PLR_5180063CJ: posts big blind $0.05
*** HOLE CARDS ***
Dealt to Hero [Tc 9s]
PLR_5137884OV: raises $0.15 to $0.15
PLR_3872538AB: calls $0.15 
PLR_4196768EA: calls $0.15 
PLR_9420644IT: folds
PLR_9194547ZG: calls $0.15 
Hero: calls $0.15 
PLR_2717984WL: folds
PLR_5180063CJ: calls $0.10 
*** FLOP *** [4d 9h 4c]
PLR_5180063CJ: checks
PLR_5137884OV: bets $0.45 
PLR_3872538AB: folds
PLR_4196768EA: folds 
PLR_9194547ZG: folds
Hero: calls $0.45 
PLR_5180063CJ: folds
*** TURN *** [4d 9h 4c] [7c]
PLR_5137884OV: bets $1.82 
PLR_4196768EA: Seat re-join
Hero: calls $1.82 
*** RIVER *** [4d 9h 4c 7c] [Js]
PLR_5137884OV: bets $9.32 and is all-in
Hero: calls $4.01 and is all-in
*** SHOW DOWN ***
PLR_5137884OV: shows [Th Ah] (a pair of Fours)
Hero: shows [Tc 9s] (two pair, Nines and Jacks)
Uncalled bet ($5.31) returned to PLR_5137884OV
Hero collected $12.81 from pot
*** SUMMARY ***
Total pot $13.48 | Rake $0.67
Board [4d 9h 4c 7c Js]
Seat 1: Hero (button) showed [Tc 9s] and won ($12.81) with two pair, Nines and Jacks
Seat 2: PLR_2717984WL (small blind) showed
Seat 3: PLR_5180063CJ (big blind) showed
Seat 4: PLR_5137884OV showed [Th Ah] and lost with a pair of Fours
Seat 5: PLR_3872538AB showed
Seat 7: PLR_4196768EA showed
Seat 8: PLR_9420644IT showed
Seat 9: PLR_9194547ZG showed



PokerStars Hand #3435214128: Hold'em No Limit ($0.02/$0.05) - 2017/03/11 0:00:28
Table '#11428969' Seat #2 is the button
Seat 1: Hero ($12.81 in chips)
Seat 2: PLR_2717984WL ($7.25 in chips)
Seat 3: PLR_5180063CJ ($1 in chips)
Seat 4: PLR_5137884OV ($5.31 in chips)
Seat 5: PLR_3872538AB ($8.63 in chips)
Seat 7: PLR_4196768EA ($4.96 in chips)
Seat 8: PLR_9420644IT ($4.85 in chips)
Seat 9: PLR_9194547ZG ($3.50 in chips)
PLR_5180063CJ: posts small blind $0.02
PLR_5137884OV: posts big blind $0.05
*** HOLE CARDS ***
Dealt to Hero [3h Qs]
PLR_3872538AB: calls $0.05 
PLR_4196768EA: calls $0.05 
PLR_9420644IT: folds
PLR_9194547ZG: folds
Hero: folds
PLR_2717984WL: folds
PLR_5180063CJ: calls $0.03 
PLR_5137884OV: raises $5.26 to $5.31 and is all-in
PLR_3872538AB: folds
PLR_4196768EA: calls $4.91 and is all-in
PLR_5180063CJ: folds
*** FLOP *** [As 5h Kh]
*** TURN *** [As 5h Kh] [Kc]
*** RIVER *** [As 5h Kh Kc] [Kd]
*** SHOW DOWN ***
PLR_5137884OV: shows [2s Js] (three of a kind, Kings)
PLR_4196768EA: shows [3c 3d] (a full house, Kings full of Threes)
Uncalled bet ($0.35) returned to PLR_5137884OV
PLR_4196768EA collected $9.52 from pot
*** SUMMARY ***
Total pot $10.02 | Rake $0.50
Board [As 5h Kh Kc Kd]
Seat 1: Hero showed
Seat 2: PLR_2717984WL (button) showed
Seat 3: PLR_5180063CJ (small blind) showed
Seat 4: PLR_5137884OV (big blind) showed [2s Js] and lost with three of a kind, Kings
Seat 5: PLR_3872538AB showed
Seat 7: PLR_4196768EA showed [3c 3d] and won ($9.52) with a full house, Kings full of Threes
Seat 8: PLR_9420644IT showed
Seat 9: PLR_9194547ZG showed



PokerStars Hand #3435214689: Hold'em No Limit ($0.02/$0.05) - 2017/03/11 0:01:41
Table '#11428969' Seat #3 is the button
Seat 1: Hero ($12.81 in chips)
Seat 2: PLR_2717984WL ($7.25 in chips)
Seat 3: PLR_5180063CJ ($0.95 in chips)
Seat 5: PLR_3872538AB ($8.58 in chips)
Seat 7: PLR_4196768EA ($9.52 in chips)
Seat 8: PLR_9420644IT ($4.85 in chips)
Seat 9: PLR_9194547ZG ($3.50 in chips)
PLR_3872538AB: posts big blind $0.05
*** HOLE CARDS ***
Dealt to Hero [Jh Ad]
Table leave user
PLR_4196768EA: folds
PLR_9420644IT: folds
PLR_9194547ZG: folds
Hero: raises $0.15 to $0.15
PLR_2717984WL: folds
PLR_5180063CJ: calls $0.15 
PLR_3872538AB: folds
*** FLOP *** [As 7s Qh]
Hero: bets $0.22 
PLR_5180063CJ: folds
Uncalled bet ($0.22) returned to Hero
Hero: doesn't show hand
Hero collected $0.34 from pot
*** SUMMARY ***
Total pot $0.35 | Rake $0.01
Board [As 7s Qh]
Seat 1: Hero won ($0.34)
Seat 2: PLR_2717984WL showed
Seat 3: PLR_5180063CJ (button) showed
Seat 5: PLR_3872538AB (big blind) showed
Seat 7: PLR_4196768EA showed
Seat 8: PLR_9420644IT showed
Seat 9: PLR_9194547ZG showed



PokerStars Hand #3435215133: Hold'em No Limit ($0.02/$0.05) - 2017/03/11 0:02:36
Table '#11428969' Seat #3 is the button
Seat 1: Hero ($13 in chips)
Seat 2: PLR_2717984WL ($7.25 in chips)
Seat 3: PLR_5180063CJ ($0.80 in chips)
Seat 5: PLR_3872538AB ($8.53 in chips)
Seat 7: PLR_4196768EA ($9.52 in chips)
Seat 8: PLR_9420644IT ($4.85 in chips)
Seat 9: PLR_9194547ZG ($3.50 in chips)
PLR_3872538AB: posts small blind $0.02
PLR_4196768EA: posts big blind $0.05
*** HOLE CARDS ***
Dealt to Hero [Ts Qc]
PLR_9420644IT: folds
PLR_9194547ZG: folds
Hero: raises $0.17 to $0.17
PLR_2717984WL: folds
PLR_5180063CJ: folds
PLR_3872538AB: calls $0.15 
Seat sit down
Table deposit $5 
PLR_4196768EA: folds
*** FLOP *** [7h 3s 6h]
PLR_3872538AB: checks
Hero: bets $0.24 
PLR_3872538AB: calls $0.24 
*** TURN *** [7h 3s 6h] [9h]
PLR_3872538AB: checks
Hero: checks
*** RIVER *** [7h 3s 6h 9h] [Qh]
PLR_3872538AB: checks
Hero: checks
*** SHOW DOWN ***
PLR_3872538AB: shows [7s 8s] (a pair of Sevens)
Hero: shows [Ts Qc] (a pair of Queens)
Hero collected $0.83 from pot
*** SUMMARY ***
Total pot $0.87 | Rake $0.04
Board [7h 3s 6h 9h Qh]
Seat 1: Hero showed [Ts Qc] and won ($0.83) with a pair of Queens
Seat 2: PLR_2717984WL showed
Seat 3: PLR_5180063CJ (button) showed
Seat 5: PLR_3872538AB (small blind) showed [7s 8s] and lost with a pair of Sevens
Seat 7: PLR_4196768EA (big blind) showed
Seat 8: PLR_9420644IT showed
Seat 9: PLR_9194547ZG showed



PokerStars Hand #3435215762: Hold'em No Limit ($0.02/$0.05) - 2017/03/11 0:03:55
Table '#11428969' Seat #5 is the button
Seat 1: Hero ($13.42 in chips)
Seat 2: PLR_2717984WL ($7.25 in chips)
Seat 3: PLR_5180063CJ ($0.80 in chips)
Seat 5: PLR_3872538AB ($8.12 in chips)
Seat 7: PLR_4196768EA ($9.47 in chips)
Seat 8: PLR_9420644IT ($4.85 in chips)
Seat 9: PLR_9194547ZG ($3.50 in chips)
PLR_4196768EA: posts small blind $0.02
PLR_9420644IT: posts big blind $0.05
*** HOLE CARDS ***
Dealt to Hero [3d 7d]
PLR_9194547ZG: folds
Hero: folds
PLR_2717984WL: folds
PLR_5180063CJ: calls $0.05 
PLR_3872538AB: calls $0.05 
PLR_4196768EA: calls $0.03 
PLR_9420644IT: checks
*** FLOP *** [7c 2d 6d]
PLR_4196768EA: bets $0.09 
PLR_9420644IT: folds
PLR_5180063CJ: calls $0.09 
PLR_3872538AB: folds
*** TURN *** [7c 2d 6d] [9s]
PLR_4196768EA: bets $0.19 
PLR_5180063CJ: raises $0.43 to $0.43
PLR_4196768EA: calls $0.24 
*** RIVER *** [7c 2d 6d 9s] [Kh]
PLR_4196768EA: checks
PLR_5180063CJ: bets $0.23 and is all-in
PLR_4196768EA: folds
Uncalled bet ($0.23) returned to PLR_5180063CJ
PLR_5180063CJ: doesn't show hand
PLR_5180063CJ collected $1.18 from pot
*** SUMMARY ***
Total pot $1.24 | Rake $0.06
Board [7c 2d 6d 9s Kh]
Seat 1: Hero showed
Seat 2: PLR_2717984WL showed
Seat 3: PLR_5180063CJ won ($1.18)
Seat 5: PLR_3872538AB (button) showed
Seat 7: PLR_4196768EA (small blind) showed
Seat 8: PLR_9420644IT (big blind) showed
Seat 9: PLR_9194547ZG showed



PokerStars Hand #3435216554: Hold'em No Limit ($0.02/$0.05) - 2017/03/11 0:05:33
Table '#11428969' Seat #7 is the button
Seat 1: Hero ($13.42 in chips)
Seat 2: PLR_2717984WL ($7.25 in chips)
Seat 3: PLR_5180063CJ ($1.41 in chips)
Seat 5: PLR_3872538AB ($8.07 in chips)
Seat 7: PLR_4196768EA ($8.90 in chips)
Seat 8: PLR_9420644IT ($4.80 in chips)
Seat 9: PLR_9194547ZG ($3.50 in chips)
PLR_9420644IT: posts small blind $0.02
PLR_9194547ZG: posts big blind $0.05
*** HOLE CARDS ***
Dealt to Hero [Tc Jd]
Hero: folds
PLR_2717984WL: folds
PLR_5180063CJ: calls $0.05 
PLR_3872538AB: folds
PLR_4196768EA: folds 
PLR_9420644IT: folds
PLR_9194547ZG: checks
*** FLOP *** [4d Qs Td]
PLR_9194547ZG: checks
PLR_5180063CJ: checks
*** TURN *** [4d Qs Td] [9c]
PLR_9194547ZG: checks
PLR_5180063CJ: bets $0.10 
PLR_9194547ZG: folds
Uncalled bet ($0.10) returned to PLR_5180063CJ
PLR_5180063CJ: doesn't show hand
PLR_5180063CJ collected $0.12 from pot
*** SUMMARY ***
Total pot $0.12 | Rake $0.00
Board [4d Qs Td 9c]
Seat 1: Hero showed
Seat 2: PLR_2717984WL showed
Seat 3: PLR_5180063CJ won ($0.12)
Seat 5: PLR_3872538AB showed
Seat 7: PLR_4196768EA (button) showed
Seat 8: PLR_9420644IT (small blind) showed
Seat 9: PLR_9194547ZG (big blind) showed



PokerStars Hand #3435217140: Hold'em No Limit ($0.02/$0.05) - 2017/03/11 0:06:44
Table '#11428969' Seat #8 is the button
Seat 1: Hero ($13.42 in chips)
Seat 2: PLR_2717984WL ($7.25 in chips)
Seat 3: PLR_5180063CJ ($1.48 in chips)
Seat 4: PLR_5137884OV ($5 in chips)
Seat 5: PLR_3872538AB ($8.07 in chips)
Seat 8: PLR_9420644IT ($4.78 in chips)
Seat 9: PLR_9194547ZG ($3.45 in chips)
PLR_9194547ZG: posts small blind $0.02
Hero: posts big blind $0.05
PLR_5137884OV: posts big blind $0.05
*** HOLE CARDS ***
Dealt to Hero [Qc 4h]
PLR_2717984WL: folds
Seat re-join
PLR_5180063CJ: calls $0.05 
PLR_5137884OV: checks
PLR_3872538AB: calls $0.05 
PLR_9420644IT: folds
PLR_9194547ZG: folds
Hero: checks
*** FLOP *** [Js 4d Jc]
Hero: checks
PLR_5180063CJ: checks
PLR_5137884OV: bets $0.15 
PLR_3872538AB: folds
Hero: calls $0.15 
PLR_5180063CJ: folds
*** TURN *** [Js 4d Jc] [Kh]
Hero: checks
PLR_5137884OV: checks
*** RIVER *** [Js 4d Jc Kh] [9c]
Hero: bets $0.31 
PLR_5137884OV: folds
Uncalled bet ($0.31) returned to Hero
Hero: doesn't show hand
Hero collected $0.5 from pot
*** SUMMARY ***
Total pot $0.52 | Rake $0.02
Board [Js 4d Jc Kh 9c]
Seat 1: Hero (big blind) won ($0.5)
Seat 2: PLR_2717984WL showed
Seat 3: PLR_5180063CJ showed
Seat 4: PLR_5137884OV showed
Seat 5: PLR_3872538AB showed
Seat 8: PLR_9420644IT (button) showed
Seat 9: PLR_9194547ZG (small blind) showed



PokerStars Hand #3435217811: Hold'em No Limit ($0.02/$0.05) - 2017/03/11 0:08:07
Table '#11428969' Seat #9 is the button
Seat 1: Hero ($13.72 in chips)
Seat 2: PLR_2717984WL ($7.25 in chips)
Seat 3: PLR_5180063CJ ($1.43 in chips)
Seat 4: PLR_5137884OV ($4.80 in chips)
Seat 5: PLR_3872538AB ($8.02 in chips)
Seat 7: PLR_4196768EA ($8.90 in chips)
Seat 8: PLR_9420644IT ($4.78 in chips)
Seat 9: PLR_9194547ZG ($3.43 in chips)
Hero: posts small blind $0.02
PLR_2717984WL: posts big blind $0.05
*** HOLE CARDS ***
Dealt to Hero [4c 9s]
PLR_5180063CJ: folds 
PLR_5137884OV: raises $0.15 to $0.15
PLR_3872538AB: folds
PLR_4196768EA: folds
PLR_9420644IT: folds
PLR_9194547ZG: folds
PLR_5180063CJ: Seat re-join
Hero: folds
PLR_2717984WL: folds
Uncalled bet ($0.10) returned to PLR_5137884OV
PLR_5137884OV: doesn't show hand
PLR_5137884OV collected $0.12 from pot
*** SUMMARY ***
Total pot $0.12 | Rake $0.00
Seat 1: Hero (small blind) showed
Seat 2: PLR_2717984WL (big blind) showed
Seat 3: PLR_5180063CJ showed
Seat 4: PLR_5137884OV won ($0.12)
Seat 5: PLR_3872538AB showed
Seat 7: PLR_4196768EA showed
Seat 8: PLR_9420644IT showed
Seat 9: PLR_9194547ZG (button) showed



PokerStars Hand #3435218237: Hold'em No Limit ($0.02/$0.05) - 2017/03/11 0:09:01
Table '#11428969' Seat #1 is the button
Seat 1: Hero ($13.70 in chips)
Seat 2: PLR_2717984WL ($7.20 in chips)
Seat 3: PLR_5180063CJ ($1.43 in chips)
Seat 4: PLR_5137884OV ($4.87 in chips)
Seat 5: PLR_3872538AB ($8.02 in chips)
Seat 7: PLR_4196768EA ($8.90 in chips)
Seat 8: PLR_9420644IT ($4.78 in chips)
Seat 9: PLR_9194547ZG ($3.43 in chips)
PLR_2717984WL: posts small blind $0.02
PLR_5180063CJ: posts big blind $0.05
*** HOLE CARDS ***
Dealt to Hero [2s 4h]
PLR_5137884OV: folds
PLR_3872538AB: calls $0.05 
PLR_4196768EA: folds
PLR_9420644IT: calls $0.05 
PLR_9194547ZG: folds
Hero: folds
PLR_2717984WL: folds
PLR_5180063CJ: checks
*** FLOP *** [6d 7h 4d]
PLR_5180063CJ: bets $0.05 
PLR_3872538AB: calls $0.05 
PLR_9420644IT: folds
*** TURN *** [6d 7h 4d] [7d]
PLR_5180063CJ: bets $0.15 
PLR_3872538AB: calls $0.15 
*** RIVER *** [6d 7h 4d 7d] [Js]
PLR_5180063CJ: bets $0.20 
PLR_3872538AB: folds
Uncalled bet ($0.20) returned to PLR_5180063CJ
PLR_5180063CJ: doesn't show hand
PLR_5180063CJ collected $0.55 from pot
*** SUMMARY ***
Total pot $0.57 | Rake $0.02
Board [6d 7h 4d 7d Js]
Seat 1: Hero (button) showed
Seat 2: PLR_2717984WL (small blind) showed
Seat 3: PLR_5180063CJ (big blind) won ($0.55)
Seat 4: PLR_5137884OV showed
Seat 5: PLR_3872538AB showed
Seat 7: PLR_4196768EA showed
Seat 8: PLR_9420644IT showed
Seat 9: PLR_9194547ZG showed



PokerStars Hand #3435219024: Hold'em No Limit ($0.02/$0.05) - 2017/03/11 0:10:38
Table '#11428969' Seat #2 is the button
Seat 1: Hero ($13.70 in chips)
Seat 2: PLR_2717984WL ($7.18 in chips)
Seat 3: PLR_5180063CJ ($1.73 in chips)
Seat 4: PLR_5137884OV ($5 in chips)
Seat 5: PLR_3872538AB ($7.77 in chips)
Seat 7: PLR_4196768EA ($8.90 in chips)
Seat 8: PLR_9420644IT ($4.73 in chips)
Seat 9: PLR_9194547ZG ($3.43 in chips)
PLR_5180063CJ: posts small blind $0.02
PLR_5137884OV: posts big blind $0.05
*** HOLE CARDS ***
Dealt to Hero [9c 2h]
PLR_3872538AB: calls $0.05 
PLR_4196768EA: calls $0.05 
PLR_9420644IT: raises $0.27 to $0.27
PLR_9194547ZG: folds
Hero: folds
PLR_2717984WL: folds
PLR_5180063CJ: folds
PLR_5137884OV: folds
PLR_3872538AB: folds
PLR_4196768EA: calls $0.22 
*** FLOP *** [6d 4d 6h]
PLR_4196768EA: checks
PLR_9420644IT: checks
*** TURN *** [6d 4d 6h] [8h]
PLR_4196768EA: bets $0.77 
PLR_9420644IT: folds
Uncalled bet ($0.77) returned to PLR_4196768EA
PLR_4196768EA: doesn't show hand
PLR_4196768EA collected $0.63 from pot
*** SUMMARY ***
Total pot $0.66 | Rake $0.03
Board [6d 4d 6h 8h]
Seat 1: Hero showed
Seat 2: PLR_2717984WL (button) showed
Seat 3: PLR_5180063CJ (small blind) showed
Seat 4: PLR_5137884OV (big blind) showed
Seat 5: PLR_3872538AB showed
Seat 7: PLR_4196768EA won ($0.63)
Seat 8: PLR_9420644IT showed
Seat 9: PLR_9194547ZG showed



PokerStars Hand #3435219700: Hold'em No Limit ($0.02/$0.05) - 2017/03/11 0:12:04
Table '#11428969' Seat #3 is the button
Seat 1: Hero ($13.70 in chips)
Seat 2: PLR_2717984WL ($7.18 in chips)
Seat 3: PLR_5180063CJ ($1.71 in chips)
Seat 4: PLR_5137884OV ($4.95 in chips)
Seat 5: PLR_3872538AB ($7.72 in chips)
Seat 7: PLR_4196768EA ($9.26 in chips)
Seat 8: PLR_9420644IT ($4.46 in chips)
Seat 9: PLR_9194547ZG ($3.43 in chips)
PLR_5137884OV: posts small blind $0.02
PLR_3872538AB: posts big blind $0.05
*** HOLE CARDS ***
Dealt to Hero [Kc Th]
PLR_4196768EA: folds
PLR_9420644IT: folds
PLR_9194547ZG: folds
Hero: raises $0.17 to $0.17
PLR_2717984WL: folds
PLR_5180063CJ: folds
PLR_5137884OV: folds
PLR_3872538AB: folds
Uncalled bet ($0.12) returned to Hero
Hero: doesn't show hand
Hero collected $0.12 from pot
*** SUMMARY ***
Total pot $0.12 | Rake $0.00
Seat 1: Hero won ($0.12)
Seat 2: PLR_2717984WL showed
Seat 3: PLR_5180063CJ (button) showed
Seat 4: PLR_5137884OV (small blind) showed
Seat 5: PLR_3872538AB (big blind) showed
Seat 7: PLR_4196768EA showed
Seat 8: PLR_9420644IT showed
Seat 9: PLR_9194547ZG showed



PokerStars Hand #3435219998: Hold'em No Limit ($0.02/$0.05) - 2017/03/11 0:12:42
Table '#11428969' Seat #4 is the button
Seat 1: Hero ($13.77 in chips)
Seat 2: PLR_2717984WL ($7.18 in chips)
Seat 3: PLR_5180063CJ ($1.71 in chips)
Seat 4: PLR_5137884OV ($4.93 in chips)
Seat 5: PLR_3872538AB ($7.67 in chips)
Seat 8: PLR_9420644IT ($4.46 in chips)
Seat 9: PLR_9194547ZG ($3.43 in chips)
PLR_3872538AB: posts small blind $0.02
PLR_9420644IT: posts big blind $0.05
*** HOLE CARDS ***
Dealt to Hero [5d 3s]
PLR_9194547ZG: folds
Hero: folds
PLR_2717984WL: folds
PLR_5180063CJ: calls $0.05 
PLR_5137884OV: folds
PLR_3872538AB: calls $0.03 
PLR_9420644IT: checks
*** FLOP *** [2d 9d 9c]
PLR_3872538AB: checks
PLR_9420644IT: checks
PLR_5180063CJ: bets $0.15 
PLR_3872538AB: raises $0.40 to $0.40
PLR_9420644IT: folds
PLR_5180063CJ: calls $0.25 
*** TURN *** [2d 9d 9c] [5s]
PLR_3872538AB: bets $0.40 
PLR_5180063CJ: calls $0.40 
*** RIVER *** [2d 9d 9c 5s] [Qh]
PLR_3872538AB: bets $0.90 
PLR_5180063CJ: calls $0.86 and is all-in
*** SHOW DOWN ***
PLR_3872538AB: shows [Ks Kc] (two pair, Kings and Queens)
PLR_5180063CJ: shows [8s 8c] (two pair, Nines and Queens)
Uncalled bet ($0.04) returned to PLR_3872538AB
PLR_3872538AB collected $3.3 from pot
*** SUMMARY ***
Total pot $3.47 | Rake $0.17
Board [2d 9d 9c 5s Qh]
Seat 1: Hero showed
Seat 2: PLR_2717984WL showed
Seat 3: PLR_5180063CJ showed [8s 8c] and lost with two pair, Nines and Queens
Seat 4: PLR_5137884OV (button) showed
Seat 5: PLR_3872538AB (small blind) showed [Ks Kc] and won ($3.3) with two pair, Nines and Queens
Seat 8: PLR_9420644IT (big blind) showed
Seat 9: PLR_9194547ZG showed



PokerStars Hand #3435220771: Hold'em No Limit ($0.02/$0.05) - 2017/03/11 0:14:17
Table '#611428969' 6-max Seat #5 is the button
Seat 1: Hero ($13.77 in chips)
Seat 2: PLR_2717984WL ($7.18 in chips)
Seat 4: PLR_5137884OV ($4.93 in chips)
Seat 5: PLR_3872538AB ($9.26 in chips)
Seat 8: PLR_9420644IT ($4.41 in chips)
Seat 9: PLR_9194547ZG ($3.43 in chips)
PLR_9420644IT: posts small blind $0.02
PLR_9194547ZG: posts big blind $0.05
*** HOLE CARDS ***
Dealt to Hero [2s 3s]
Hero: folds
Table leave user
PLR_2717984WL: raises $0.12 to $0.12
PLR_5137884OV: folds
PLR_3872538AB: folds
PLR_9420644IT: folds
PLR_9194547ZG: folds
Uncalled bet ($0.07) returned to PLR_2717984WL
PLR_2717984WL: doesn't show hand
PLR_2717984WL collected $0.12 from pot
*** SUMMARY ***
Total pot $0.12 | Rake $0.00
Seat 1: Hero showed
Seat 2: PLR_2717984WL won ($0.12)
Seat 4: PLR_5137884OV showed
Seat 5: PLR_3872538AB (button) showed
Seat 8: PLR_9420644IT (small blind) showed
Seat 9: PLR_9194547ZG (big blind) showed



PokerStars Hand #3435220987: Hold'em No Limit ($0.02/$0.05) - 2017/03/11 0:14:43
Table '#611428969' 6-max Seat #8 is the button
Seat 1: Hero ($13.77 in chips)
Seat 2: PLR_2717984WL ($7.25 in chips)
Seat 4: PLR_5137884OV ($4.93 in chips)
Seat 5: PLR_3872538AB ($9.26 in chips)
Seat 8: PLR_9420644IT ($4.39 in chips)
Seat 9: PLR_9194547ZG ($3.38 in chips)
PLR_9194547ZG: posts small blind $0.02
Hero: posts big blind $0.05
*** HOLE CARDS ***
Dealt to Hero [Qc Ks]
PLR_2717984WL: folds
PLR_5137884OV: folds
PLR_3872538AB: folds
Seat sit down
PLR_9420644IT: calls $0.05 
Table deposit $5 
PLR_9194547ZG: folds
Hero: raises $0.12 to $0.17
PLR_9420644IT: folds
Uncalled bet ($0.12) returned to Hero
Hero: doesn't show hand
Hero collected $0.12 from pot
*** SUMMARY ***
Total pot $0.12 | Rake $0.00
Seat 1: Hero (big blind) won ($0.12)
Seat 2: PLR_2717984WL showed
Seat 4: PLR_5137884OV showed
Seat 5: PLR_3872538AB showed
Seat 8: PLR_9420644IT (button) showed
Seat 9: PLR_9194547ZG (small blind) showed



PokerStars Hand #3435221374: Hold'em No Limit ($0.02/$0.05) - 2017/03/11 0:15:30
Table '#611428969' 6-max Seat #9 is the button
Seat 1: Hero ($13.84 in chips)
Seat 2: PLR_2717984WL ($7.25 in chips)
Seat 4: PLR_5137884OV ($4.93 in chips)
Seat 5: PLR_3872538AB ($9.26 in chips)
Seat 8: PLR_9420644IT ($4.34 in chips)
Seat 9: PLR_9194547ZG ($3.36 in chips)
Hero: posts small blind $0.02
PLR_2717984WL: posts big blind $0.05
*** HOLE CARDS ***
Dealt to Hero [Ts 5c]
PLR_5137884OV: folds
PLR_3872538AB: folds
Seat sit down
PLR_9420644IT: folds
PLR_9194547ZG: calls $0.05 
Table deposit $5 
Seat re-join
Hero: folds
PLR_2717984WL: checks
*** FLOP *** [3c 4d Jc]
PLR_2717984WL: checks
PLR_9194547ZG: bets $0.05 
PLR_2717984WL: calls $0.05 
*** TURN *** [3c 4d Jc] [Ac]
PLR_2717984WL: checks
PLR_9194547ZG: bets $0.05 
PLR_2717984WL: calls $0.05 
*** RIVER *** [3c 4d Jc Ac] [3s]
PLR_2717984WL: checks
PLR_9194547ZG: bets $0.32 
PLR_2717984WL: calls $0.32 
*** SHOW DOWN ***
PLR_9194547ZG: shows [Ad As] (a full house, Aces full of Threes)
PLR_2717984WL: shows [4s 6h] (Two pair)
PLR_9194547ZG collected $0.92 from pot
*** SUMMARY ***
Total pot $0.96 | Rake $0.04
Board [3c 4d Jc Ac 3s]
Seat 1: Hero (small blind) showed
Seat 2: PLR_2717984WL (big blind) showed [4s 6h]
Seat 4: PLR_5137884OV showed
Seat 5: PLR_3872538AB showed
Seat 8: PLR_9420644IT showed
Seat 9: PLR_9194547ZG (button) showed [Ad As] and won ($0.92) with a full house, Aces full of Threes



PokerStars Hand #3435221863: Hold'em No Limit ($0.02/$0.05) - 2017/03/11 0:16:30
Table '#11428969' Seat #1 is the button
Seat 1: Hero ($13.82 in chips)
Seat 2: PLR_2717984WL ($6.78 in chips)
Seat 3: PLR_5180063CJ ($5 in chips)
Seat 4: PLR_5137884OV ($4.93 in chips)
Seat 5: PLR_3872538AB ($9.26 in chips)
Seat 6: PLR_1721666YV ($6 in chips)
Seat 7: PLR_8350214MM ($5 in chips)
Seat 8: PLR_9420644IT ($4.34 in chips)
Seat 9: PLR_9194547ZG ($3.81 in chips)
PLR_2717984WL: posts small blind $0.02
PLR_5180063CJ: posts big blind $0.05
PLR_1721666YV: posts big blind $0.05
PLR_8350214MM: posts big blind $0.05
*** HOLE CARDS ***
Dealt to Hero [2d 9c]
PLR_5137884OV: folds
PLR_3872538AB: folds
PLR_1721666YV: checks
PLR_8350214MM: checks
PLR_9420644IT: folds
PLR_9194547ZG: folds
Hero: folds
PLR_2717984WL: folds
PLR_5180063CJ: checks
*** FLOP *** [Kh Qc 3c]
PLR_5180063CJ: checks
PLR_1721666YV: checks
PLR_8350214MM: bets $0.09 
PLR_5180063CJ: folds
PLR_1721666YV: folds
Uncalled bet ($0.09) returned to PLR_8350214MM
PLR_8350214MM: doesn't show hand
PLR_8350214MM collected $0.17 from pot
*** SUMMARY ***
Total pot $0.17 | Rake $0.00
Board [Kh Qc 3c]
Seat 1: Hero (button) showed
Seat 2: PLR_2717984WL (small blind) showed
Seat 3: PLR_5180063CJ (big blind) showed
Seat 4: PLR_5137884OV showed
Seat 5: PLR_3872538AB showed
Seat 6: PLR_1721666YV showed
Seat 7: PLR_8350214MM won ($0.17)
Seat 8: PLR_9420644IT showed
Seat 9: PLR_9194547ZG showed



PokerStars Hand #3435222658: Hold'em No Limit ($0.02/$0.05) - 2017/03/11 0:18:10
Table '#11428969' Seat #2 is the button
Seat 1: Hero ($13.82 in chips)
Seat 2: PLR_2717984WL ($6.76 in chips)
Seat 3: PLR_5180063CJ ($4.95 in chips)
Seat 4: PLR_5137884OV ($4.93 in chips)
Seat 5: PLR_3872538AB ($9.26 in chips)
Seat 6: PLR_1721666YV ($5.95 in chips)
Seat 7: PLR_8350214MM ($5.12 in chips)
Seat 8: PLR_9420644IT ($4.34 in chips)
Seat 9: PLR_9194547ZG ($3.81 in chips)
PLR_5180063CJ: posts small blind $0.02
PLR_5137884OV: posts big blind $0.05
*** HOLE CARDS ***
Dealt to Hero [2c Jd]
PLR_3872538AB: calls $0.05 
PLR_1721666YV: folds
PLR_8350214MM: folds
PLR_9420644IT: calls $0.05 
PLR_9194547ZG: folds
Hero: folds
PLR_2717984WL: folds
PLR_5180063CJ: calls $0.03 
PLR_5137884OV: checks
*** FLOP *** [6s 5s Ad]
PLR_5180063CJ: checks
PLR_5137884OV: bets $0.10 
PLR_3872538AB: calls $0.10 
PLR_9420644IT: folds
PLR_5180063CJ: folds
*** TURN *** [6s 5s Ad] [Kc]
PLR_5137884OV: bets $0.15 
PLR_3872538AB: calls $0.15 
*** RIVER *** [6s 5s Ad Kc] [7s]
PLR_5137884OV: bets $0.35 
PLR_3872538AB: folds
Uncalled bet ($0.35) returned to PLR_5137884OV
PLR_5137884OV: doesn't show hand
PLR_5137884OV collected $0.67 from pot
*** SUMMARY ***
Total pot $0.7 | Rake $0.03
Board [6s 5s Ad Kc 7s]
Seat 1: Hero showed
Seat 2: PLR_2717984WL (button) showed
Seat 3: PLR_5180063CJ (small blind) showed
Seat 4: PLR_5137884OV (big blind) won ($0.67)
Seat 5: PLR_3872538AB showed
Seat 6: PLR_1721666YV showed
Seat 7: PLR_8350214MM showed
Seat 8: PLR_9420644IT showed
Seat 9: PLR_9194547ZG showed



PokerStars Hand #3435223273: Hold'em No Limit ($0.02/$0.05) - 2017/03/11 0:19:24
Table '#11428969' Seat #3 is the button
Seat 1: Hero ($13.82 in chips)
Seat 2: PLR_2717984WL ($6.76 in chips)
Seat 3: PLR_5180063CJ ($4.90 in chips)
Seat 4: PLR_5137884OV ($5.30 in chips)
Seat 5: PLR_3872538AB ($8.96 in chips)
Seat 6: PLR_1721666YV ($5.95 in chips)
Seat 7: PLR_8350214MM ($5.12 in chips)
Seat 8: PLR_9420644IT ($4.29 in chips)
Seat 9: PLR_9194547ZG ($3.81 in chips)
PLR_5137884OV: posts small blind $0.02
PLR_3872538AB: posts big blind $0.05
*** HOLE CARDS ***
Dealt to Hero [Qs 9h]
PLR_1721666YV: folds
PLR_8350214MM: folds
PLR_9420644IT: calls $0.05 
PLR_9194547ZG: calls $0.05 
Hero: folds
PLR_2717984WL: folds
PLR_5180063CJ: raises $0.20 to $0.20
PLR_5137884OV: folds
PLR_3872538AB: folds
PLR_9420644IT: calls $0.15 
PLR_9194547ZG: calls $0.15 
*** FLOP *** [7s 6h 8h]
PLR_9420644IT: checks
PLR_9194547ZG: checks
PLR_5180063CJ: bets $0.35 
PLR_9420644IT: folds
PLR_9194547ZG: calls $0.35 
*** TURN *** [7s 6h 8h] [2c]
PLR_9194547ZG: checks
PLR_5180063CJ: bets $0.75 
PLR_9194547ZG: calls $0.75 
*** RIVER *** [7s 6h 8h 2c] [5h]
PLR_9194547ZG: checks
PLR_5180063CJ: checks
*** SHOW DOWN ***
PLR_9194547ZG: shows [6d 6s] (three of a kind, Sixs)
PLR_5180063CJ: shows [Qc Ks] (High Card)
PLR_9194547ZG collected $2.73 from pot
*** SUMMARY ***
Total pot $2.87 | Rake $0.14
Board [7s 6h 8h 2c 5h]
Seat 1: Hero showed
Seat 2: PLR_2717984WL showed
Seat 3: PLR_5180063CJ (button) showed [Qc Ks]
Seat 4: PLR_5137884OV (small blind) showed
Seat 5: PLR_3872538AB (big blind) showed
Seat 6: PLR_1721666YV showed
Seat 7: PLR_8350214MM showed
Seat 8: PLR_9420644IT showed
Seat 9: PLR_9194547ZG showed [6d 6s] and won ($2.73) with three of a kind, Sixes



PokerStars Hand #3435224102: Hold'em No Limit ($0.02/$0.05) - 2017/03/11 0:21:13
Table '#11428969' Seat #4 is the button
Seat 1: Hero ($13.82 in chips)
Seat 2: PLR_2717984WL ($6.76 in chips)
Seat 3: PLR_5180063CJ ($3.60 in chips)
Seat 4: PLR_5137884OV ($5.28 in chips)
Seat 5: PLR_3872538AB ($8.91 in chips)
Seat 6: PLR_1721666YV ($5.95 in chips)
Seat 7: PLR_8350214MM ($5.12 in chips)
Seat 8: PLR_9420644IT ($4.09 in chips)
Seat 9: PLR_9194547ZG ($5.24 in chips)
PLR_3872538AB: posts small blind $0.02
PLR_1721666YV: posts big blind $0.05
*** HOLE CARDS ***
Dealt to Hero [9d 6s]
PLR_8350214MM: folds
PLR_9420644IT: folds
PLR_9194547ZG: calls $0.05 
Hero: folds
PLR_2717984WL: raises $0.20 to $0.20
PLR_5180063CJ: folds
PLR_5137884OV: folds
PLR_3872538AB: folds
PLR_1721666YV: folds
PLR_9194547ZG: calls $0.15 
*** FLOP *** [6h Ad Js]
PLR_9194547ZG: bets $0.47 
PLR_2717984WL: folds & shows [Td Tc] 
Uncalled bet ($0.47) returned to PLR_9194547ZG
PLR_9194547ZG: doesn't show hand
PLR_9194547ZG collected $0.45 from pot
*** SUMMARY ***
Total pot $0.47 | Rake $0.02
Board [6h Ad Js]
Seat 1: Hero showed
Seat 2: PLR_2717984WL showed
Seat 3: PLR_5180063CJ showed
Seat 4: PLR_5137884OV (button) showed
Seat 5: PLR_3872538AB (small blind) showed
Seat 6: PLR_1721666YV (big blind) showed
Seat 7: PLR_8350214MM showed
Seat 8: PLR_9420644IT showed
Seat 9: PLR_9194547ZG won ($0.45)



PokerStars Hand #3435224567: Hold'em No Limit ($0.02/$0.05) - 2017/03/11 0:22:12
Table '#11428969' Seat #5 is the button
Seat 1: Hero ($13.82 in chips)
Seat 2: PLR_2717984WL ($6.56 in chips)
Seat 3: PLR_5180063CJ ($3.60 in chips)
Seat 4: PLR_5137884OV ($5.28 in chips)
Seat 5: PLR_3872538AB ($8.89 in chips)
Seat 6: PLR_1721666YV ($5.90 in chips)
Seat 7: PLR_8350214MM ($5.12 in chips)
Seat 8: PLR_9420644IT ($4.09 in chips)
Seat 9: PLR_9194547ZG ($5.49 in chips)
PLR_1721666YV: posts small blind $0.02
PLR_8350214MM: posts big blind $0.05
*** HOLE CARDS ***
Dealt to Hero [2h Td]
PLR_9420644IT: folds
PLR_9194547ZG: folds
Hero: folds
PLR_2717984WL: folds
PLR_5180063CJ: folds
PLR_5137884OV: raises $0.15 to $0.15
PLR_3872538AB: folds
PLR_1721666YV: folds
PLR_8350214MM: calls $0.10 
*** FLOP *** [As 7h 3c]
PLR_8350214MM: bets $0.22 
PLR_5137884OV: calls $0.22 
*** TURN *** [As 7h 3c] [9d]
PLR_8350214MM: bets $0.67 
PLR_5137884OV: calls $0.67 
*** RIVER *** [As 7h 3c 9d] [3h]
PLR_8350214MM: checks
PLR_5137884OV: bets $0.75 
PLR_8350214MM: folds
Uncalled bet ($0.75) returned to PLR_5137884OV
PLR_5137884OV: doesn't show hand
PLR_5137884OV collected $2 from pot
*** SUMMARY ***
Total pot $2.1 | Rake $0.10
Board [As 7h 3c 9d 3h]
Seat 1: Hero showed
Seat 2: PLR_2717984WL showed
Seat 3: PLR_5180063CJ showed
Seat 4: PLR_5137884OV won ($2)
Seat 5: PLR_3872538AB (button) showed
Seat 6: PLR_1721666YV (small blind) showed
Seat 7: PLR_8350214MM (big blind) showed
Seat 8: PLR_9420644IT showed
Seat 9: PLR_9194547ZG showed



PokerStars Hand #3435225379: Hold'em No Limit ($0.02/$0.05) - 2017/03/11 0:23:59
Table '#11428969' Seat #6 is the button
Seat 1: Hero ($13.82 in chips)
Seat 2: PLR_2717984WL ($6.56 in chips)
Seat 3: PLR_5180063CJ ($3.60 in chips)
Seat 4: PLR_5137884OV ($6.24 in chips)
Seat 5: PLR_3872538AB ($8.89 in chips)
Seat 6: PLR_1721666YV ($5.88 in chips)
Seat 7: PLR_8350214MM ($4.08 in chips)
Seat 8: PLR_9420644IT ($4.09 in chips)
Seat 9: PLR_9194547ZG ($5.49 in chips)
PLR_8350214MM: posts small blind $0.02
PLR_9420644IT: posts big blind $0.05
*** HOLE CARDS ***
Dealt to Hero [5s Kd]
PLR_9194547ZG: folds
Hero: folds
PLR_2717984WL: folds
PLR_5180063CJ: raises $0.17 to $0.17
PLR_5137884OV: folds
PLR_3872538AB: folds
PLR_1721666YV: folds
PLR_8350214MM: folds
PLR_9420644IT: calls $0.12 
*** FLOP *** [Th 3h Jd]
PLR_9420644IT: checks
PLR_5180063CJ: checks
*** TURN *** [Th 3h Jd] [2c]
PLR_9420644IT: checks
PLR_5180063CJ: checks
*** RIVER *** [Th 3h Jd 2c] [7s]
PLR_9420644IT: checks
PLR_5180063CJ: checks
*** SHOW DOWN ***
PLR_9420644IT: shows [8h 6h] (high card Jack)
PLR_5180063CJ: shows [9d 9h] (a pair of Nines)
PLR_5180063CJ collected $0.35 from pot
*** SUMMARY ***
Total pot $0.36 | Rake $0.01
Board [Th 3h Jd 2c 7s]
Seat 1: Hero showed
Seat 2: PLR_2717984WL showed
Seat 3: PLR_5180063CJ showed [9d 9h] and won ($0.35) with a pair of Nines
Seat 4: PLR_5137884OV showed
Seat 5: PLR_3872538AB showed
Seat 6: PLR_1721666YV (button) showed
Seat 7: PLR_8350214MM (small blind) showed
Seat 8: PLR_9420644IT (big blind) showed [8h 6h-Jd Th 8h 7s 6h] and lost with high card Eight
Seat 9: PLR_9194547ZG showed



PokerStars Hand #3435225963: Hold'em No Limit ($0.02/$0.05) - 2017/03/11 0:25:11
Table '#11428969' Seat #7 is the button
Seat 1: Hero ($13.82 in chips)
Seat 2: PLR_2717984WL ($6.56 in chips)
Seat 3: PLR_5180063CJ ($3.78 in chips)
Seat 4: PLR_5137884OV ($6.24 in chips)
Seat 5: PLR_3872538AB ($8.89 in chips)
Seat 6: PLR_1721666YV ($5.88 in chips)
Seat 7: PLR_8350214MM ($4.06 in chips)
Seat 8: PLR_9420644IT ($3.92 in chips)
Seat 9: PLR_9194547ZG ($5.49 in chips)
PLR_9420644IT: posts small blind $0.02
PLR_9194547ZG: posts big blind $0.05
*** HOLE CARDS ***
Dealt to Hero [7c 8d]
Hero: folds
PLR_2717984WL: folds
PLR_5180063CJ: raises $0.15 to $0.15
PLR_5137884OV: folds
PLR_3872538AB: folds
PLR_1721666YV: folds
PLR_8350214MM: calls $0.15 
PLR_9420644IT: folds
PLR_9194547ZG: folds
*** FLOP *** [8s Js 4d]
PLR_5180063CJ: bets $0.20 
PLR_8350214MM: raises $1.01 to $1.01
PLR_5180063CJ: calls $0.81 
*** TURN *** [8s Js 4d] [Ac]
PLR_5180063CJ: checks
PLR_8350214MM: bets $0.57 
PLR_5180063CJ: calls $0.57 
*** RIVER *** [8s Js 4d Ac] [3h]
PLR_5180063CJ: checks
PLR_8350214MM: bets $0.81 
PLR_5180063CJ: calls $0.81 
*** SHOW DOWN ***
PLR_8350214MM: shows [8c As] (two pair, Aces and Jacks)
PLR_5180063CJ: shows [Qs Jd] (One pair)
PLR_8350214MM collected $4.9 from pot
*** SUMMARY ***
Total pot $5.15 | Rake $0.25
Board [8s Js 4d Ac 3h]
Seat 1: Hero showed
Seat 2: PLR_2717984WL showed
Seat 3: PLR_5180063CJ showed [Qs Jd]
Seat 4: PLR_5137884OV showed
Seat 5: PLR_3872538AB showed
Seat 6: PLR_1721666YV showed
Seat 7: PLR_8350214MM (button) showed [8c As] and won ($4.9) with two pair, Aces and Jacks
Seat 8: PLR_9420644IT (small blind) showed
Seat 9: PLR_9194547ZG (big blind) showed



PokerStars Hand #3435226799: Hold'em No Limit ($0.02/$0.05) - 2017/03/11 0:27:03
Table '#11428969' Seat #8 is the button
Seat 1: Hero ($13.82 in chips)
Seat 2: PLR_2717984WL ($6.56 in chips)
Seat 3: PLR_5180063CJ ($1.24 in chips)
Seat 4: PLR_5137884OV ($6.24 in chips)
Seat 5: PLR_3872538AB ($8.89 in chips)
Seat 6: PLR_1721666YV ($5.88 in chips)
Seat 7: PLR_8350214MM ($6.42 in chips)
Seat 8: PLR_9420644IT ($3.90 in chips)
Seat 9: PLR_9194547ZG ($5.44 in chips)
PLR_9194547ZG: posts small blind $0.02
Hero: posts big blind $0.05
*** HOLE CARDS ***
Dealt to Hero [2d 6h]
PLR_2717984WL: folds
PLR_5180063CJ: folds
PLR_5137884OV: folds
PLR_3872538AB: folds
PLR_1721666YV: folds
PLR_8350214MM: folds
PLR_9420644IT: calls $0.05 
PLR_9194547ZG: folds
Hero: checks
*** FLOP *** [9s 8c Td]
Hero: checks
PLR_9420644IT: bets $0.05 
Hero: calls $0.05 
*** TURN *** [9s 8c Td] [Kd]
Hero: checks
PLR_9420644IT: checks
*** RIVER *** [9s 8c Td Kd] [Jc]
Hero: bets $0.22 
PLR_9420644IT: folds
Uncalled bet ($0.22) returned to Hero
Hero: doesn't show hand
Hero collected $0.21 from pot
*** SUMMARY ***
Total pot $0.22 | Rake $0.01
Board [9s 8c Td Kd Jc]
Seat 1: Hero (big blind) won ($0.21)
Seat 2: PLR_2717984WL showed
Seat 3: PLR_5180063CJ showed
Seat 4: PLR_5137884OV showed
Seat 5: PLR_3872538AB showed
Seat 6: PLR_1721666YV showed
Seat 7: PLR_8350214MM showed
Seat 8: PLR_9420644IT (button) showed
Seat 9: PLR_9194547ZG (small blind) showed



PokerStars Hand #3435227319: Hold'em No Limit ($0.02/$0.05) - 2017/03/11 0:28:11
Table '#11428969' Seat #9 is the button
Seat 1: Hero ($13.93 in chips)
Seat 2: PLR_2717984WL ($6.56 in chips)
Seat 3: PLR_5180063CJ ($3.34 in chips)
Seat 4: PLR_5137884OV ($6.24 in chips)
Seat 5: PLR_3872538AB ($8.89 in chips)
Seat 6: PLR_1721666YV ($5.88 in chips)
Seat 7: PLR_8350214MM ($6.42 in chips)
Seat 8: PLR_9420644IT ($3.80 in chips)
Seat 9: PLR_9194547ZG ($5.42 in chips)
Hero: posts small blind $0.02
PLR_2717984WL: posts big blind $0.05
*** HOLE CARDS ***
Dealt to Hero [9c 4c]
PLR_5180063CJ: folds
PLR_5137884OV: raises $0.15 to $0.15
PLR_3872538AB: calls $0.15 
PLR_1721666YV: folds
PLR_8350214MM: folds
PLR_9420644IT: folds
PLR_9194547ZG: calls $0.15 
Hero: calls $0.13 
PLR_2717984WL: folds
*** FLOP *** [Qc Kd Ks]
Hero: checks
PLR_5137884OV: checks
PLR_3872538AB: checks
PLR_9194547ZG: checks
*** TURN *** [Qc Kd Ks] [4h]
Hero: checks
PLR_5137884OV: bets $0.35 
PLR_3872538AB: folds
PLR_9194547ZG: folds
Hero: folds
Uncalled bet ($0.35) returned to PLR_5137884OV
PLR_5137884OV: doesn't show hand
PLR_5137884OV collected $0.62 from pot
*** SUMMARY ***
Total pot $0.65 | Rake $0.03
Board [Qc Kd Ks 4h]
Seat 1: Hero (small blind) showed
Seat 2: PLR_2717984WL (big blind) showed
Seat 3: PLR_5180063CJ showed
Seat 4: PLR_5137884OV won ($0.62)
Seat 5: PLR_3872538AB showed
Seat 6: PLR_1721666YV showed
Seat 7: PLR_8350214MM showed
Seat 8: PLR_9420644IT showed
Seat 9: PLR_9194547ZG (button) showed



PokerStars Hand #3435228152: Hold'em No Limit ($0.02/$0.05) - 2017/03/11 0:30:05
Table '#11428969' Seat #1 is the button
Seat 1: Hero ($13.78 in chips)
Seat 2: PLR_2717984WL ($6.51 in chips)
Seat 3: PLR_5180063CJ ($3.34 in chips)
Seat 4: PLR_5137884OV ($6.71 in chips)
Seat 5: PLR_3872538AB ($8.74 in chips)
Seat 6: PLR_1721666YV ($5.88 in chips)
Seat 7: PLR_8350214MM ($6.42 in chips)
Seat 8: PLR_9420644IT ($3.80 in chips)
Seat 9: PLR_9194547ZG ($5.27 in chips)
PLR_2717984WL: posts small blind $0.02
PLR_5180063CJ: posts big blind $0.05
*** HOLE CARDS ***
Dealt to Hero [4d Td]
PLR_5137884OV: raises $0.15 to $0.15
PLR_3872538AB: folds
PLR_1721666YV: folds
PLR_8350214MM: folds
PLR_9420644IT: calls $0.15 
PLR_9194547ZG: folds
Hero: calls $0.15 
PLR_2717984WL: folds
PLR_5180063CJ: folds
*** FLOP *** [9c 6s 3c]
PLR_5137884OV: bets $0.35 
PLR_9420644IT: raises $1.05 to $1.05
Hero: folds
PLR_5137884OV: folds
Uncalled bet ($0.70) returned to PLR_9420644IT
PLR_9420644IT: doesn't show hand
PLR_9420644IT collected $1.16 from pot
*** SUMMARY ***
Total pot $1.22 | Rake $0.06
Board [9c 6s 3c]
Seat 1: Hero (button) showed
Seat 2: PLR_2717984WL (small blind) showed
Seat 3: PLR_5180063CJ (big blind) showed
Seat 4: PLR_5137884OV showed
Seat 5: PLR_3872538AB showed
Seat 6: PLR_1721666YV showed
Seat 7: PLR_8350214MM showed
Seat 8: PLR_9420644IT won ($1.16)
Seat 9: PLR_9194547ZG showed



PokerStars Hand #3435228841: Hold'em No Limit ($0.02/$0.05) - 2017/03/11 0:31:37
Table '#11428969' Seat #2 is the button
Seat 1: Hero ($13.63 in chips)
Seat 2: PLR_2717984WL ($6.49 in chips)
Seat 3: PLR_5180063CJ ($3.29 in chips)
Seat 4: PLR_5137884OV ($6.21 in chips)
Seat 5: PLR_3872538AB ($8.74 in chips)
Seat 6: PLR_1721666YV ($5.88 in chips)
Seat 7: PLR_8350214MM ($6.42 in chips)
Seat 8: PLR_9420644IT ($4.46 in chips)
Seat 9: PLR_9194547ZG ($5.27 in chips)
PLR_5180063CJ: posts small blind $0.02
PLR_5137884OV: posts big blind $0.05
*** HOLE CARDS ***
Dealt to Hero [Kc 8d]
PLR_3872538AB: calls $0.05 
PLR_1721666YV: folds
PLR_8350214MM: folds
PLR_9420644IT: folds
PLR_9194547ZG: folds
Hero: raises $0.22 to $0.22
PLR_2717984WL: folds
PLR_5180063CJ: folds
PLR_5137884OV: calls $0.17 
PLR_3872538AB: folds
*** FLOP *** [3d 7c 6d]
PLR_5137884OV: bets $0.30 
Hero: calls $0.30 
*** TURN *** [3d 7c 6d] [4h]
PLR_5137884OV: bets $0.86 
Hero: folds
Uncalled bet ($0.86) returned to PLR_5137884OV
PLR_5137884OV: doesn't show hand
PLR_5137884OV collected $1.06 from pot
*** SUMMARY ***
Total pot $1.11 | Rake $0.05
Board [3d 7c 6d 4h]
Seat 1: Hero showed
Seat 2: PLR_2717984WL (button) showed
Seat 3: PLR_5180063CJ (small blind) showed
Seat 4: PLR_5137884OV (big blind) won ($1.06)
Seat 5: PLR_3872538AB showed
Seat 6: PLR_1721666YV showed
Seat 7: PLR_8350214MM showed
Seat 8: PLR_9420644IT showed
Seat 9: PLR_9194547ZG showed



PokerStars Hand #3435229468: Hold'em No Limit ($0.02/$0.05) - 2017/03/11 0:32:59
Table '#11428969' Seat #3 is the button
Seat 1: Hero ($13.11 in chips)
Seat 2: PLR_2717984WL ($6.49 in chips)
Seat 3: PLR_5180063CJ ($3.27 in chips)
Seat 4: PLR_5137884OV ($6.75 in chips)
Seat 5: PLR_3872538AB ($8.69 in chips)
Seat 6: PLR_1721666YV ($5.88 in chips)
Seat 7: PLR_8350214MM ($6.42 in chips)
Seat 8: PLR_9420644IT ($4.46 in chips)
Seat 9: PLR_9194547ZG ($5.27 in chips)
PLR_5137884OV: posts small blind $0.02
PLR_3872538AB: posts big blind $0.05
*** HOLE CARDS ***
Dealt to Hero [Jh 2s]
PLR_1721666YV: calls $0.05 
PLR_8350214MM: folds
PLR_9420644IT: folds
PLR_9194547ZG: calls $0.05 
Hero: folds
PLR_2717984WL: folds
PLR_5180063CJ: folds
PLR_5137884OV: folds
PLR_3872538AB: checks
*** FLOP *** [Kh 6s 3d]
PLR_3872538AB: checks
PLR_1721666YV: checks
PLR_9194547ZG: checks
*** TURN *** [Kh 6s 3d] [5s]
PLR_3872538AB: bets $0.05 
PLR_1721666YV: folds
PLR_9194547ZG: folds
Uncalled bet ($0.05) returned to PLR_3872538AB
PLR_3872538AB: doesn't show hand
PLR_3872538AB collected $0.17 from pot
*** SUMMARY ***
Total pot $0.17 | Rake $0.00
Board [Kh 6s 3d 5s]
Seat 1: Hero showed
Seat 2: PLR_2717984WL showed
Seat 3: PLR_5180063CJ (button) showed
Seat 4: PLR_5137884OV (small blind) showed
Seat 5: PLR_3872538AB (big blind) won ($0.17)
Seat 6: PLR_1721666YV showed
Seat 7: PLR_8350214MM showed
Seat 8: PLR_9420644IT showed
Seat 9: PLR_9194547ZG showed



PokerStars Hand #3435229797: Hold'em No Limit ($0.02/$0.05) - 2017/03/11 0:33:43
Table '#11428969' Seat #4 is the button
Seat 1: Hero ($13.11 in chips)
Seat 2: PLR_2717984WL ($6.49 in chips)
Seat 3: PLR_5180063CJ ($3.27 in chips)
Seat 4: PLR_5137884OV ($6.73 in chips)
Seat 5: PLR_3872538AB ($8.81 in chips)
Seat 6: PLR_1721666YV ($5.83 in chips)
Seat 7: PLR_8350214MM ($6.42 in chips)
Seat 8: PLR_9420644IT ($4.46 in chips)
Seat 9: PLR_9194547ZG ($5.22 in chips)
PLR_3872538AB: posts small blind $0.02
PLR_1721666YV: posts big blind $0.05
*** HOLE CARDS ***
Dealt to Hero [Kh 5c]
PLR_8350214MM: folds
PLR_9420644IT: folds
PLR_9194547ZG: folds
Hero: folds
PLR_2717984WL: folds
PLR_5180063CJ: folds
PLR_5137884OV: folds
PLR_3872538AB: folds
PLR_1721666YV: doesn't show hand
PLR_1721666YV collected $0.07 from pot
*** SUMMARY ***
Total pot $0.07 | Rake $0.00
Seat 1: Hero showed
Seat 2: PLR_2717984WL showed
Seat 3: PLR_5180063CJ showed
Seat 4: PLR_5137884OV (button) showed
Seat 5: PLR_3872538AB (small blind) showed
Seat 6: PLR_1721666YV (big blind) won ($0.07)
Seat 7: PLR_8350214MM showed
Seat 8: PLR_9420644IT showed
Seat 9: PLR_9194547ZG showed



PokerStars Hand #3435229936: Hold'em No Limit ($0.02/$0.05) - 2017/03/11 0:34:02
Table '#11428969' Seat #5 is the button
Seat 1: Hero ($13.11 in chips)
Seat 2: PLR_2717984WL ($6.49 in chips)
Seat 3: PLR_5180063CJ ($3.27 in chips)
Seat 4: PLR_5137884OV ($6.73 in chips)
Seat 5: PLR_3872538AB ($8.79 in chips)
Seat 6: PLR_1721666YV ($5.85 in chips)
Seat 7: PLR_8350214MM ($6.42 in chips)
Seat 8: PLR_9420644IT ($4.46 in chips)
Seat 9: PLR_9194547ZG ($5.22 in chips)
PLR_1721666YV: posts small blind $0.02
PLR_8350214MM: posts big blind $0.05
*** HOLE CARDS ***
Dealt to Hero [6h Ah]
PLR_9420644IT: calls $0.05 
PLR_9194547ZG: folds
Hero: raises $0.22 to $0.22
PLR_2717984WL: folds
PLR_5180063CJ: folds
PLR_5137884OV: folds
PLR_3872538AB: folds
PLR_1721666YV: folds
PLR_8350214MM: folds
PLR_9420644IT: folds
Uncalled bet ($0.17) returned to Hero
Hero: doesn't show hand
Hero collected $0.17 from pot
*** SUMMARY ***
Total pot $0.17 | Rake $0.00
Seat 1: Hero won ($0.17)
Seat 2: PLR_2717984WL showed
Seat 3: PLR_5180063CJ showed
Seat 4: PLR_5137884OV showed
Seat 5: PLR_3872538AB (button) showed
Seat 6: PLR_1721666YV (small blind) showed
Seat 7: PLR_8350214MM (big blind) showed
Seat 8: PLR_9420644IT showed
Seat 9: PLR_9194547ZG showed



PokerStars Hand #3435230181: Hold'em No Limit ($0.02/$0.05) - 2017/03/11 0:34:34
Table '#11428969' Seat #6 is the button
Seat 1: Hero ($13.23 in chips)
Seat 2: PLR_2717984WL ($6.49 in chips)
Seat 3: PLR_5180063CJ ($3.27 in chips)
Seat 4: PLR_5137884OV ($6.73 in chips)
Seat 5: PLR_3872538AB ($8.79 in chips)
Seat 6: PLR_1721666YV ($5.83 in chips)
Seat 7: PLR_8350214MM ($6.37 in chips)
Seat 8: PLR_9420644IT ($4.41 in chips)
Seat 9: PLR_9194547ZG ($5.22 in chips)
PLR_8350214MM: posts small blind $0.02
PLR_9420644IT: posts big blind $0.05
*** HOLE CARDS ***
Dealt to Hero [4d 5d]
PLR_9194547ZG: folds
Hero: folds
PLR_2717984WL: folds
PLR_5180063CJ: raises $0.15 to $0.15
PLR_5137884OV: folds
PLR_3872538AB: calls $0.15 
PLR_1721666YV: calls $0.15 
PLR_8350214MM: folds
PLR_9420644IT: calls $0.10 
*** FLOP *** [Ks Jd Kd]
PLR_9420644IT: checks
PLR_5180063CJ: bets $0.30 
PLR_3872538AB: folds
PLR_1721666YV: calls $0.30 
PLR_9420644IT: folds
*** TURN *** [Ks Jd Kd] [4c]
PLR_5180063CJ: bets $0.50 
PLR_1721666YV: folds
Uncalled bet ($0.50) returned to PLR_5180063CJ
PLR_5180063CJ: doesn't show hand
PLR_5180063CJ collected $1.16 from pot
*** SUMMARY ***
Total pot $1.22 | Rake $0.06
Board [Ks Jd Kd 4c]
Seat 1: Hero showed
Seat 2: PLR_2717984WL showed
Seat 3: PLR_5180063CJ won ($1.16)
Seat 4: PLR_5137884OV showed
Seat 5: PLR_3872538AB showed
Seat 6: PLR_1721666YV (button) showed
Seat 7: PLR_8350214MM (small blind) showed
Seat 8: PLR_9420644IT (big blind) showed
Seat 9: PLR_9194547ZG showed



PokerStars Hand #3435230771: Hold'em No Limit ($0.02/$0.05) - 2017/03/11 0:35:54
Table '#11428969' Seat #7 is the button
Seat 1: Hero ($13.23 in chips)
Seat 2: PLR_2717984WL ($6.49 in chips)
Seat 3: PLR_5180063CJ ($3.98 in chips)
Seat 4: PLR_5137884OV ($6.73 in chips)
Seat 5: PLR_3872538AB ($8.64 in chips)
Seat 6: PLR_1721666YV ($5.38 in chips)
Seat 7: PLR_8350214MM ($6.35 in chips)
Seat 8: PLR_9420644IT ($4.26 in chips)
Seat 9: PLR_9194547ZG ($5.22 in chips)
PLR_9420644IT: posts small blind $0.02
PLR_9194547ZG: posts big blind $0.05
*** HOLE CARDS ***
Dealt to Hero [2d 7s]
Hero: folds
PLR_2717984WL: raises $0.10 to $0.10
PLR_5180063CJ: folds
PLR_5137884OV: folds
PLR_3872538AB: calls $0.10 
PLR_1721666YV: calls $0.10 
PLR_8350214MM: folds
PLR_9420644IT: calls $0.08 
PLR_9194547ZG: folds
*** FLOP *** [8h Qc Jh]
PLR_9420644IT: checks
PLR_2717984WL: bets $0.17 
PLR_3872538AB: folds
PLR_1721666YV: folds
PLR_9420644IT: calls $0.17 
*** TURN *** [8h Qc Jh] [9s]
PLR_9420644IT: bets $0.79 
PLR_2717984WL: folds
Uncalled bet ($0.79) returned to PLR_9420644IT
PLR_9420644IT: doesn't show hand
PLR_9420644IT collected $0.76 from pot
*** SUMMARY ***
Total pot $0.79 | Rake $0.03
Board [8h Qc Jh 9s]
Seat 1: Hero showed
Seat 2: PLR_2717984WL showed
Seat 3: PLR_5180063CJ showed
Seat 4: PLR_5137884OV showed
Seat 5: PLR_3872538AB showed
Seat 6: PLR_1721666YV showed
Seat 7: PLR_8350214MM (button) showed
Seat 8: PLR_9420644IT (small blind) won ($0.76)
Seat 9: PLR_9194547ZG (big blind) showed



PokerStars Hand #3435231747: Hold'em No Limit ($0.02/$0.05) - 2017/03/11 0:38:04
Table '#11428969' Seat #8 is the button
Seat 1: Hero ($13.23 in chips)
Seat 2: PLR_2717984WL ($6.22 in chips)
Seat 3: PLR_5180063CJ ($3.98 in chips)
Seat 4: PLR_5137884OV ($6.73 in chips)
Seat 5: PLR_3872538AB ($8.54 in chips)
Seat 6: PLR_1721666YV ($5.28 in chips)
Seat 7: PLR_8350214MM ($6.35 in chips)
Seat 8: PLR_9420644IT ($4.75 in chips)
Seat 9: PLR_9194547ZG ($5.17 in chips)
PLR_9194547ZG: posts small blind $0.02
Hero: posts big blind $0.05
*** HOLE CARDS ***
Dealt to Hero [5d 9d]
PLR_2717984WL: raises $0.10 to $0.10
PLR_5180063CJ: folds
PLR_5137884OV: folds
PLR_3872538AB: folds
PLR_1721666YV: folds
PLR_8350214MM: folds
PLR_9420644IT: folds
PLR_9194547ZG: folds
Hero: calls $0.05 
*** FLOP *** [7h 9h 7s]
Hero: checks
PLR_2717984WL: checks
*** TURN *** [7h 9h 7s] [8h]
Hero: bets $0.16 
PLR_2717984WL: raises $0.40 to $0.40
Hero: calls $0.24 
*** RIVER *** [7h 9h 7s 8h] [As]
Hero: checks
PLR_2717984WL: bets $0.60 
Hero: calls $0.60 
*** SHOW DOWN ***
PLR_2717984WL: shows [Ac 7d] (a full house, Sevens full of Aces)
Hero: shows [5d 9d] (Two pair)
PLR_2717984WL collected $2.11 from pot
*** SUMMARY ***
Total pot $2.22 | Rake $0.11
Board [7h 9h 7s 8h As]
Seat 1: Hero (big blind) showed [5d 9d]
Seat 2: PLR_2717984WL showed [Ac 7d] and won ($2.11) with a full house, Sevens full of Aces
Seat 3: PLR_5180063CJ showed
Seat 4: PLR_5137884OV showed
Seat 5: PLR_3872538AB showed
Seat 6: PLR_1721666YV showed
Seat 7: PLR_8350214MM showed
Seat 8: PLR_9420644IT (button) showed
Seat 9: PLR_9194547ZG (small blind) showed



PokerStars Hand #3435233282: Hold'em No Limit ($0.02/$0.05) - 2017/03/11 0:41:23
Table '#11428969' Seat #9 is the button
Seat 1: Hero ($12.13 in chips)
Seat 3: PLR_5180063CJ ($3.98 in chips)
Seat 4: PLR_5137884OV ($6.73 in chips)
Seat 5: PLR_3872538AB ($8.54 in chips)
Seat 6: PLR_1721666YV ($5.28 in chips)
Seat 7: PLR_8350214MM ($6.35 in chips)
Seat 8: PLR_9420644IT ($4.75 in chips)
Seat 9: PLR_9194547ZG ($5.15 in chips)
Hero: posts small blind $0.02
PLR_5180063CJ: posts big blind $0.05
*** HOLE CARDS ***
Dealt to Hero [Kh Ks]
Seat re-join
PLR_5137884OV: folds
PLR_3872538AB: folds
PLR_1721666YV: folds
PLR_8350214MM: folds
PLR_9420644IT: calls $0.05 
PLR_9194547ZG: folds
Hero: raises $0.18 to $0.20
PLR_5180063CJ: folds
PLR_9420644IT: calls $0.15 
*** FLOP *** [Tc 8h 7s]
Hero: bets $0.27 
PLR_9420644IT: folds
Uncalled bet ($0.27) returned to Hero
Hero: doesn't show hand
Hero collected $0.43 from pot
*** SUMMARY ***
Total pot $0.45 | Rake $0.02
Board [Tc 8h 7s]
Seat 1: Hero (small blind) won ($0.43)
Seat 3: PLR_5180063CJ (big blind) showed
Seat 4: PLR_5137884OV showed
Seat 5: PLR_3872538AB showed
Seat 6: PLR_1721666YV showed
Seat 7: PLR_8350214MM showed
Seat 8: PLR_9420644IT showed
Seat 9: PLR_9194547ZG (button) showed



PokerStars Hand #3435233796: Hold'em No Limit ($0.02/$0.05) - 2017/03/11 0:42:30
Table '#11428969' Seat #1 is the button
Seat 1: Hero ($12.36 in chips)
Seat 3: PLR_5180063CJ ($3.93 in chips)
Seat 4: PLR_5137884OV ($6.73 in chips)
Seat 5: PLR_3872538AB ($8.54 in chips)
Seat 6: PLR_1721666YV ($5.28 in chips)
Seat 7: PLR_8350214MM ($6.35 in chips)
Seat 8: PLR_9420644IT ($4.55 in chips)
Seat 9: PLR_9194547ZG ($5.15 in chips)
PLR_5180063CJ: posts small blind $0.02
PLR_5137884OV: posts big blind $0.05
*** HOLE CARDS ***
Dealt to Hero [Kh 6h]
PLR_3872538AB: folds
Table leave user
PLR_1721666YV: folds
PLR_8350214MM: folds
PLR_9420644IT: calls $0.05 
PLR_9194547ZG: folds
Hero: folds
PLR_5180063CJ: calls $0.03 
Seat sit down
PLR_5137884OV: checks
*** FLOP *** [5s Ks Qs]
PLR_5180063CJ: bets $0.10 
PLR_5137884OV: calls $0.10 
PLR_9420644IT: folds
*** TURN *** [5s Ks Qs] [8d]
Table deposit $5 
Table leave user
PLR_5180063CJ: bets $0.20 
PLR_5137884OV: calls $0.20 
*** RIVER *** [5s Ks Qs 8d] [8c]
Table leave user
PLR_5180063CJ: checks
PLR_5137884OV: bets $0.47 
PLR_5180063CJ: calls $0.47 
*** SHOW DOWN ***
PLR_5137884OV: shows [6d Js] (a pair of Eights)
PLR_5180063CJ: shows [7s Kd] (two pair, Kings and Queens)
PLR_5180063CJ collected $1.61 from pot
*** SUMMARY ***
Total pot $1.69 | Rake $0.08
Board [5s Ks Qs 8d 8c]
Seat 1: Hero (button) showed
Seat 3: PLR_5180063CJ (small blind) showed [7s Kd] and won ($1.61) with two pair, Kings and Queens
Seat 4: PLR_5137884OV (big blind) showed [6d Js] and lost with a pair of Eights
Seat 5: PLR_3872538AB showed
Seat 6: PLR_1721666YV showed
Seat 7: PLR_8350214MM showed
Seat 8: PLR_9420644IT showed
Seat 9: PLR_9194547ZG showed



PokerStars Hand #3435234569: Hold'em No Limit ($0.02/$0.05) - 2017/03/11 0:44:06
Table '#11428969' Seat #3 is the button
Seat 1: Hero ($12.36 in chips)
Seat 3: PLR_5180063CJ ($4.72 in chips)
Seat 4: PLR_5137884OV ($5.91 in chips)
Seat 5: PLR_3872538AB ($8.54 in chips)
Seat 6: PLR_1721666YV ($5.28 in chips)
Seat 7: PLR_8350214MM ($6.35 in chips)
Seat 8: PLR_9420644IT ($4.50 in chips)
PLR_5137884OV: posts small blind $0.02
PLR_3872538AB: posts big blind $0.05
*** HOLE CARDS ***
Dealt to Hero [3c Jd]
PLR_1721666YV: folds
PLR_8350214MM: folds
PLR_9420644IT: folds
Hero: folds
PLR_5180063CJ: raises $0.15 to $0.15
PLR_5137884OV: folds
PLR_3872538AB: calls $0.10 
*** FLOP *** [3s 2c 7c]
PLR_3872538AB: checks
PLR_5180063CJ: bets $0.20 
PLR_3872538AB: folds
Uncalled bet ($0.20) returned to PLR_5180063CJ
PLR_5180063CJ: doesn't show hand
PLR_5180063CJ collected $0.31 from pot
*** SUMMARY ***
Total pot $0.32 | Rake $0.01
Board [3s 2c 7c]
Seat 1: Hero showed
Seat 3: PLR_5180063CJ (button) won ($0.31)
Seat 4: PLR_5137884OV (small blind) showed
Seat 5: PLR_3872538AB (big blind) showed
Seat 6: PLR_1721666YV showed
Seat 7: PLR_8350214MM showed
Seat 8: PLR_9420644IT showed



PokerStars Hand #3435234913: Hold'em No Limit ($0.02/$0.05) - 2017/03/11 0:44:51
Table '#11428969' Seat #4 is the button
Seat 1: Hero ($12.36 in chips)
Seat 3: PLR_5180063CJ ($4.88 in chips)
Seat 4: PLR_5137884OV ($5.89 in chips)
Seat 5: PLR_3872538AB ($8.39 in chips)
Seat 6: PLR_1721666YV ($5.28 in chips)
Seat 7: PLR_8350214MM ($6.35 in chips)
Seat 8: PLR_9420644IT ($4.50 in chips)
PLR_3872538AB: posts small blind $0.02
PLR_1721666YV: posts big blind $0.05
*** HOLE CARDS ***
Dealt to Hero [Ts 6s]
PLR_8350214MM: folds
PLR_9420644IT: folds
Hero: folds
PLR_5180063CJ: folds
PLR_5137884OV: raises $0.15 to $0.15
PLR_3872538AB: folds
PLR_1721666YV: calls $0.10 
*** FLOP *** [Ad Td Kc]
Table leave user
PLR_1721666YV: checks
PLR_5137884OV: bets $0.15 
PLR_1721666YV: calls $0.15 
*** TURN *** [Ad Td Kc] [6c]
PLR_1721666YV: checks
PLR_5137884OV: bets $0.25 
PLR_1721666YV: calls $0.25 
*** RIVER *** [Ad Td Kc 6c] [Qc]
PLR_1721666YV: checks
PLR_5137884OV: bets $0.76 
PLR_1721666YV: raises $1.52 to $1.52
PLR_5137884OV: calls $0.76 
*** SHOW DOWN ***
PLR_1721666YV: shows [9c Tc] (a flush, King high)
PLR_5137884OV: shows [Th Js] (Straight)
PLR_1721666YV collected $3.96 from pot
*** SUMMARY ***
Total pot $4.16 | Rake $0.20
Board [Ad Td Kc 6c Qc]
Seat 1: Hero showed
Seat 3: PLR_5180063CJ showed
Seat 4: PLR_5137884OV (button) showed [Th Js]
Seat 5: PLR_3872538AB (small blind) showed
Seat 6: PLR_1721666YV (big blind) showed [9c Tc] and won ($3.96) with a flush, King high
Seat 7: PLR_8350214MM showed
Seat 8: PLR_9420644IT showed



PokerStars Hand #3435235437: Hold'em No Limit ($0.02/$0.05) - 2017/03/11 0:45:59
Table '#11428969' Seat #5 is the button
Seat 1: Hero ($12.36 in chips)
Seat 3: PLR_5180063CJ ($4.88 in chips)
Seat 4: PLR_5137884OV ($3.82 in chips)
Seat 5: PLR_3872538AB ($8.37 in chips)
Seat 6: PLR_1721666YV ($7.17 in chips)
Seat 7: PLR_8350214MM ($6.35 in chips)
Seat 8: PLR_9420644IT ($4.50 in chips)
PLR_1721666YV: posts small blind $0.02
PLR_8350214MM: posts big blind $0.05
*** HOLE CARDS ***
Dealt to Hero [Qd 5h]
PLR_9420644IT: folds
Hero: folds
PLR_5180063CJ: raises $0.15 to $0.15
PLR_5137884OV: calls $0.15 
PLR_3872538AB: calls $0.15 
PLR_1721666YV: folds
PLR_8350214MM: folds
*** FLOP *** [5s 4h Qh]
PLR_5180063CJ: checks
PLR_5137884OV: bets $0.30 
PLR_3872538AB: folds
PLR_5180063CJ: folds
Uncalled bet ($0.30) returned to PLR_5137884OV
PLR_5137884OV: doesn't show hand
PLR_5137884OV collected $0.5 from pot
*** SUMMARY ***
Total pot $0.52 | Rake $0.02
Board [5s 4h Qh]
Seat 1: Hero showed
Seat 3: PLR_5180063CJ showed
Seat 4: PLR_5137884OV won ($0.5)
Seat 5: PLR_3872538AB (button) showed
Seat 6: PLR_1721666YV (small blind) showed
Seat 7: PLR_8350214MM (big blind) showed
Seat 8: PLR_9420644IT showed



PokerStars Hand #3435235796: Hold'em No Limit ($0.02/$0.05) - 2017/03/11 0:46:47
Table '#11428969' Seat #6 is the button
Seat 1: Hero ($12.36 in chips)
Seat 3: PLR_5180063CJ ($4.73 in chips)
Seat 4: PLR_5137884OV ($5 in chips)
Seat 5: PLR_3872538AB ($8.22 in chips)
Seat 6: PLR_1721666YV ($7.15 in chips)
Seat 7: PLR_8350214MM ($6.30 in chips)
Seat 8: PLR_9420644IT ($4.50 in chips)
PLR_8350214MM: posts small blind $0.02
PLR_9420644IT: posts big blind $0.05
*** HOLE CARDS ***
Dealt to Hero [Kc 8h]
Seat sit down
Hero: folds
PLR_5180063CJ: folds
PLR_5137884OV: folds
PLR_3872538AB: calls $0.05 
Table deposit $5 
PLR_1721666YV: calls $0.05 
PLR_8350214MM: raises $0.16 to $0.18
PLR_9420644IT: folds
PLR_3872538AB: calls $0.13 
PLR_1721666YV: folds
*** FLOP *** [Js Kh 2s]
PLR_8350214MM: checks
PLR_3872538AB: checks
*** TURN *** [Js Kh 2s] [4s]
PLR_8350214MM: bets $0.17 
PLR_3872538AB: calls $0.17 
*** RIVER *** [Js Kh 2s 4s] [Qd]
PLR_8350214MM: checks
PLR_3872538AB: bets $0.30 
PLR_8350214MM: folds
Uncalled bet ($0.30) returned to PLR_3872538AB
PLR_3872538AB: doesn't show hand
PLR_3872538AB collected $0.76 from pot
*** SUMMARY ***
Total pot $0.8 | Rake $0.04
Board [Js Kh 2s 4s Qd]
Seat 1: Hero showed
Seat 3: PLR_5180063CJ showed
Seat 4: PLR_5137884OV showed
Seat 5: PLR_3872538AB won ($0.76)
Seat 6: PLR_1721666YV (button) showed
Seat 7: PLR_8350214MM (small blind) showed
Seat 8: PLR_9420644IT (big blind) showed



PokerStars Hand #3435236637: Hold'em No Limit ($0.02/$0.05) - 2017/03/11 0:48:31
Table '#11428969' Seat #7 is the button
Seat 1: Hero ($12.36 in chips)
Seat 3: PLR_5180063CJ ($4.73 in chips)
Seat 4: PLR_5137884OV ($5 in chips)
Seat 5: PLR_3872538AB ($8.63 in chips)
Seat 6: PLR_1721666YV ($7.10 in chips)
Seat 7: PLR_8350214MM ($5.95 in chips)
Seat 8: PLR_9420644IT ($4.45 in chips)
Seat 9: PLR_9194547ZG ($5 in chips)
PLR_9420644IT: posts small blind $0.02
PLR_9194547ZG: posts big blind $0.05
*** HOLE CARDS ***
Dealt to Hero [Th 8c]
Hero: folds
PLR_5180063CJ: folds
PLR_5137884OV: folds
PLR_3872538AB: folds
PLR_1721666YV: folds
PLR_8350214MM: raises $0.10 to $0.10
PLR_9420644IT: folds
PLR_9194547ZG: folds
Uncalled bet ($0.05) returned to PLR_8350214MM
PLR_8350214MM: doesn't show hand
PLR_8350214MM collected $0.12 from pot
*** SUMMARY ***
Total pot $0.12 | Rake $0.00
Seat 1: Hero showed
Seat 3: PLR_5180063CJ showed
Seat 4: PLR_5137884OV showed
Seat 5: PLR_3872538AB showed
Seat 6: PLR_1721666YV showed
Seat 7: PLR_8350214MM (button) won ($0.12)
Seat 8: PLR_9420644IT (small blind) showed
Seat 9: PLR_9194547ZG (big blind) showed



PokerStars Hand #3435237071: Hold'em No Limit ($0.02/$0.05) - 2017/03/11 0:49:27
Table '#11428969' Seat #8 is the button
Seat 1: Hero ($12.36 in chips)
Seat 3: PLR_5180063CJ ($4.73 in chips)
Seat 4: PLR_5137884OV ($5 in chips)
Seat 5: PLR_3872538AB ($8.63 in chips)
Seat 6: PLR_1721666YV ($7.10 in chips)
Seat 7: PLR_8350214MM ($6.02 in chips)
Seat 8: PLR_9420644IT ($4.43 in chips)
Seat 9: PLR_9194547ZG ($4.95 in chips)
PLR_9194547ZG: posts small blind $0.02
Hero: posts big blind $0.05
*** HOLE CARDS ***
Dealt to Hero [2c 8s]
PLR_5180063CJ: raises $0.15 to $0.15
PLR_5137884OV: folds
PLR_3872538AB: folds
PLR_1721666YV: folds
PLR_8350214MM: folds
PLR_9420644IT: calls $0.15 
PLR_9194547ZG: folds
Hero: folds
*** FLOP *** [5d Ks 7s]
PLR_5180063CJ: bets $0.20 
PLR_9420644IT: folds
Uncalled bet ($0.20) returned to PLR_5180063CJ
PLR_5180063CJ: doesn't show hand
PLR_5180063CJ collected $0.36 from pot
*** SUMMARY ***
Total pot $0.37 | Rake $0.01
Board [5d Ks 7s]
Seat 1: Hero (big blind) showed
Seat 3: PLR_5180063CJ won ($0.36)
Seat 4: PLR_5137884OV showed
Seat 5: PLR_3872538AB showed
Seat 6: PLR_1721666YV showed
Seat 7: PLR_8350214MM showed
Seat 8: PLR_9420644IT (button) showed
Seat 9: PLR_9194547ZG (small blind) showed



PokerStars Hand #3435237464: Hold'em No Limit ($0.02/$0.05) - 2017/03/11 0:50:15
Table '#11428969' Seat #9 is the button
Seat 1: Hero ($12.31 in chips)
Seat 2: PLR_2717984WL ($5 in chips)
Seat 3: PLR_5180063CJ ($4.94 in chips)
Seat 4: PLR_5137884OV ($5 in chips)
Seat 5: PLR_3872538AB ($8.63 in chips)
Seat 6: PLR_1721666YV ($7.10 in chips)
Seat 7: PLR_8350214MM ($6.02 in chips)
Seat 8: PLR_9420644IT ($4.28 in chips)
Seat 9: PLR_9194547ZG ($4.93 in chips)
Hero: posts small blind $0.02
PLR_2717984WL: posts big blind $0.05
*** HOLE CARDS ***
Dealt to Hero [2h 6c]
PLR_5180063CJ: folds
PLR_5137884OV: raises $0.15 to $0.15
PLR_3872538AB: calls $0.15 
PLR_1721666YV: calls $0.15 
PLR_8350214MM: folds
PLR_9420644IT: calls $0.15 
PLR_9194547ZG: calls $0.15 
Hero: folds
PLR_2717984WL: calls $0.10 
*** FLOP *** [4h 6s 5s]
PLR_2717984WL: checks
PLR_5137884OV: bets $0.45 
PLR_3872538AB: folds
PLR_1721666YV: folds
PLR_9420644IT: folds
PLR_9194547ZG: raises $0.90 to $0.90
PLR_2717984WL: folds
PLR_5137884OV: calls $0.45 
*** TURN *** [4h 6s 5s] [5c]
PLR_5137884OV: checks
PLR_9194547ZG: checks
*** RIVER *** [4h 6s 5s 5c] [7c]
PLR_5137884OV: checks
PLR_9194547ZG: bets $1.90 
PLR_5137884OV: folds
Uncalled bet ($1.90) returned to PLR_9194547ZG
PLR_9194547ZG: doesn't show hand
PLR_9194547ZG collected $2.59 from pot
*** SUMMARY ***
Total pot $2.72 | Rake $0.13
Board [4h 6s 5s 5c 7c]
Seat 1: Hero (small blind) showed
Seat 2: PLR_2717984WL (big blind) showed
Seat 3: PLR_5180063CJ showed
Seat 4: PLR_5137884OV showed
Seat 5: PLR_3872538AB showed
Seat 6: PLR_1721666YV showed
Seat 7: PLR_8350214MM showed
Seat 8: PLR_9420644IT showed
Seat 9: PLR_9194547ZG (button) won ($2.59)



PokerStars Hand #3435238019: Hold'em No Limit ($0.02/$0.05) - 2017/03/11 0:51:25
Table '#11428969' Seat #1 is the button
Seat 1: Hero ($12.29 in chips)
Seat 2: PLR_2717984WL ($4.85 in chips)
Seat 3: PLR_5180063CJ ($4.94 in chips)
Seat 4: PLR_5137884OV ($3.95 in chips)
Seat 5: PLR_3872538AB ($8.48 in chips)
Seat 6: PLR_1721666YV ($6.95 in chips)
Seat 7: PLR_8350214MM ($6.02 in chips)
Seat 8: PLR_9420644IT ($4.13 in chips)
Seat 9: PLR_9194547ZG ($6.47 in chips)
PLR_2717984WL: posts small blind $0.02
PLR_5180063CJ: posts big blind $0.05
*** HOLE CARDS ***
Dealt to Hero [7h 8h]
PLR_5137884OV: folds
PLR_3872538AB: folds
PLR_1721666YV: folds
PLR_8350214MM: folds
PLR_9420644IT: folds
PLR_9194547ZG: raises $0.20 to $0.20
Hero: calls $0.20 
PLR_2717984WL: calls $0.18 
PLR_5180063CJ: folds
*** FLOP *** [Qc 5s 3h]
PLR_2717984WL: checks
PLR_9194547ZG: bets $0.43 
Hero: folds
PLR_2717984WL: calls $0.43 
*** TURN *** [Qc 5s 3h] [6d]
PLR_2717984WL: checks
PLR_9194547ZG: bets $0.85 
PLR_2717984WL: calls $0.85 
*** RIVER *** [Qc 5s 3h 6d] [4d]
PLR_2717984WL: checks
PLR_9194547ZG: checks
*** SHOW DOWN ***
PLR_2717984WL: shows [Ac Qh] (a pair of Queens)
PLR_9194547ZG: shows [Qs Jc] (One pair)
PLR_2717984WL collected $3.05 from pot
*** SUMMARY ***
Total pot $3.21 | Rake $0.16
Board [Qc 5s 3h 6d 4d]
Seat 1: Hero (button) showed
Seat 2: PLR_2717984WL (small blind) showed [Ac Qh] and won ($3.05) with a pair of Queens
Seat 3: PLR_5180063CJ (big blind) showed
Seat 4: PLR_5137884OV showed
Seat 5: PLR_3872538AB showed
Seat 6: PLR_1721666YV showed
Seat 7: PLR_8350214MM showed
Seat 8: PLR_9420644IT showed
Seat 9: PLR_9194547ZG showed [Qs Jc]



PokerStars Hand #3435238673: Hold'em No Limit ($0.02/$0.05) - 2017/03/11 0:52:50
Table '#11428969' Seat #2 is the button
Seat 1: Hero ($12.09 in chips)
Seat 2: PLR_2717984WL ($6.42 in chips)
Seat 3: PLR_5180063CJ ($4.89 in chips)
Seat 4: PLR_5137884OV ($5 in chips)
Seat 5: PLR_3872538AB ($8.48 in chips)
Seat 6: PLR_1721666YV ($6.95 in chips)
Seat 7: PLR_8350214MM ($6.02 in chips)
Seat 8: PLR_9420644IT ($4.13 in chips)
Seat 9: PLR_9194547ZG ($4.99 in chips)
PLR_5180063CJ: posts small blind $0.02
PLR_5137884OV: posts big blind $0.05
*** HOLE CARDS ***
Dealt to Hero [Kd 7s]
PLR_3872538AB: calls $0.05 
PLR_1721666YV: folds
PLR_8350214MM: folds
PLR_9420644IT: folds
PLR_9194547ZG: folds (auth)
Hero: folds
PLR_2717984WL: raises $0.22 to $0.22
PLR_5180063CJ: folds
PLR_5137884OV: folds
PLR_3872538AB: folds
Uncalled bet ($0.17) returned to PLR_2717984WL
PLR_2717984WL: doesn't show hand
PLR_2717984WL collected $0.17 from pot
*** SUMMARY ***
Total pot $0.17 | Rake $0.00
Seat 1: Hero showed
Seat 2: PLR_2717984WL (button) won ($0.17)
Seat 3: PLR_5180063CJ (small blind) showed
Seat 4: PLR_5137884OV (big blind) showed
Seat 5: PLR_3872538AB showed
Seat 6: PLR_1721666YV showed
Seat 7: PLR_8350214MM showed
Seat 8: PLR_9420644IT showed
Seat 9: PLR_9194547ZG showed



PokerStars Hand #3435239030: Hold'em No Limit ($0.02/$0.05) - 2017/03/11 0:53:36
Table '#11428969' Seat #3 is the button
Seat 1: Hero ($12.09 in chips)
Seat 2: PLR_2717984WL ($6.54 in chips)
Seat 3: PLR_5180063CJ ($4.87 in chips)
Seat 4: PLR_5137884OV ($4.95 in chips)
Seat 5: PLR_3872538AB ($8.43 in chips)
Seat 6: PLR_1721666YV ($6.95 in chips)
Seat 7: PLR_8350214MM ($6.02 in chips)
Seat 8: PLR_9420644IT ($4.13 in chips)
PLR_5137884OV: posts small blind $0.02
PLR_3872538AB: posts big blind $0.05
*** HOLE CARDS ***
Dealt to Hero [Ks 2s]
PLR_1721666YV: folds
PLR_8350214MM: folds
PLR_9420644IT: folds
Hero: raises $0.17 to $0.17
PLR_2717984WL: folds
PLR_5180063CJ: folds
PLR_5137884OV: folds
PLR_3872538AB: folds
Uncalled bet ($0.12) returned to Hero
Hero: doesn't show hand
Hero collected $0.12 from pot
*** SUMMARY ***
Total pot $0.12 | Rake $0.00
Seat 1: Hero won ($0.12)
Seat 2: PLR_2717984WL showed
Seat 3: PLR_5180063CJ (button) showed
Seat 4: PLR_5137884OV (small blind) showed
Seat 5: PLR_3872538AB (big blind) showed
Seat 6: PLR_1721666YV showed
Seat 7: PLR_8350214MM showed
Seat 8: PLR_9420644IT showed



PokerStars Hand #3435239241: Hold'em No Limit ($0.02/$0.05) - 2017/03/11 0:54:02
Table '#11428969' Seat #4 is the button
Seat 1: Hero ($12.16 in chips)
Seat 2: PLR_2717984WL ($6.54 in chips)
Seat 3: PLR_5180063CJ ($4.87 in chips)
Seat 4: PLR_5137884OV ($4.93 in chips)
Seat 5: PLR_3872538AB ($8.38 in chips)
Seat 6: PLR_1721666YV ($6.95 in chips)
Seat 7: PLR_8350214MM ($6.02 in chips)
Seat 8: PLR_9420644IT ($4.13 in chips)
PLR_3872538AB: posts small blind $0.02
PLR_1721666YV: posts big blind $0.05
*** HOLE CARDS ***
Dealt to Hero [3h Ac]
PLR_8350214MM: folds
PLR_9420644IT: folds
Hero: folds
PLR_2717984WL: folds
PLR_5180063CJ: folds
PLR_5137884OV: raises $0.15 to $0.15
PLR_3872538AB: calls $0.13 
PLR_1721666YV: folds
*** FLOP *** [As Ts 9d]
PLR_3872538AB: checks
PLR_5137884OV: bets $0.20 
PLR_3872538AB: folds
Uncalled bet ($0.20) returned to PLR_5137884OV
PLR_5137884OV: doesn't show hand
PLR_5137884OV collected $0.34 from pot
*** SUMMARY ***
Total pot $0.35 | Rake $0.01
Board [As Ts 9d]
Seat 1: Hero showed
Seat 2: PLR_2717984WL showed
Seat 3: PLR_5180063CJ showed
Seat 4: PLR_5137884OV (button) won ($0.34)
Seat 5: PLR_3872538AB (small blind) showed
Seat 6: PLR_1721666YV (big blind) showed
Seat 7: PLR_8350214MM showed
Seat 8: PLR_9420644IT showed



PokerStars Hand #3435239534: Hold'em No Limit ($0.02/$0.05) - 2017/03/11 0:54:38
Table '#11428969' Seat #5 is the button
Seat 1: Hero ($12.16 in chips)
Seat 2: PLR_2717984WL ($6.54 in chips)
Seat 3: PLR_5180063CJ ($4.87 in chips)
Seat 4: PLR_5137884OV ($5.12 in chips)
Seat 5: PLR_3872538AB ($8.23 in chips)
Seat 6: PLR_1721666YV ($6.90 in chips)
Seat 7: PLR_8350214MM ($6.02 in chips)
Seat 8: PLR_9420644IT ($4.13 in chips)
PLR_1721666YV: posts small blind $0.02
PLR_8350214MM: posts big blind $0.05
*** HOLE CARDS ***
Dealt to Hero [2d Js]
PLR_9420644IT: calls $0.05 
Hero: folds
PLR_2717984WL: folds
PLR_5180063CJ: raises $0.20 to $0.20
PLR_5137884OV: folds
PLR_3872538AB: folds
PLR_1721666YV: calls $0.18 
PLR_8350214MM: folds
PLR_9420644IT: calls $0.15 
*** FLOP *** [6c 9d Kc]
PLR_1721666YV: checks
PLR_9420644IT: checks
PLR_5180063CJ: bets $0.35 
PLR_1721666YV: calls $0.35 
PLR_9420644IT: folds
*** TURN *** [6c 9d Kc] [5d]
PLR_1721666YV: checks
PLR_5180063CJ: bets $0.65 
PLR_1721666YV: calls $0.65 
*** RIVER *** [6c 9d Kc 5d] [9s]
PLR_1721666YV: checks
PLR_5180063CJ: checks
*** SHOW DOWN ***
PLR_1721666YV: shows [Tc Jc] (a pair of Nines)
PLR_5180063CJ: shows [7c 7h] (two pair, Nines and Kings)
PLR_5180063CJ collected $2.52 from pot
*** SUMMARY ***
Total pot $2.65 | Rake $0.13
Board [6c 9d Kc 5d 9s]
Seat 1: Hero showed
Seat 2: PLR_2717984WL showed
Seat 3: PLR_5180063CJ showed [7c 7h] and won ($2.52) with two pair, Nines and Kings
Seat 4: PLR_5137884OV showed
Seat 5: PLR_3872538AB (button) showed
Seat 6: PLR_1721666YV (small blind) showed [Tc Jc] and lost with a pair of Nines
Seat 7: PLR_8350214MM (big blind) showed
Seat 8: PLR_9420644IT showed



PokerStars Hand #3435240294: Hold'em No Limit ($0.02/$0.05) - 2017/03/11 0:56:17
Table '#11428969' Seat #6 is the button
Seat 1: Hero ($12.16 in chips)
Seat 2: PLR_2717984WL ($6.54 in chips)
Seat 3: PLR_5180063CJ ($6.19 in chips)
Seat 4: PLR_5137884OV ($5.12 in chips)
Seat 5: PLR_3872538AB ($8.23 in chips)
Seat 6: PLR_1721666YV ($5.70 in chips)
Seat 7: PLR_8350214MM ($5.97 in chips)
Seat 8: PLR_9420644IT ($3.93 in chips)
PLR_8350214MM: posts small blind $0.02
PLR_9420644IT: posts big blind $0.05
*** HOLE CARDS ***
Dealt to Hero [9d Th]
Hero: folds
PLR_2717984WL: folds
PLR_5180063CJ: folds
PLR_5137884OV: raises $0.15 to $0.15
PLR_3872538AB: folds
PLR_1721666YV: calls $0.15 
PLR_8350214MM: folds
PLR_9420644IT: folds
*** FLOP *** [Td Ah 8s]
PLR_5137884OV: bets $0.25 
PLR_1721666YV: folds
Uncalled bet ($0.25) returned to PLR_5137884OV
PLR_5137884OV: doesn't show hand
PLR_5137884OV collected $0.36 from pot
*** SUMMARY ***
Total pot $0.37 | Rake $0.01
Board [Td Ah 8s]
Seat 1: Hero showed
Seat 2: PLR_2717984WL showed
Seat 3: PLR_5180063CJ showed
Seat 4: PLR_5137884OV won ($0.36)
Seat 5: PLR_3872538AB showed
Seat 6: PLR_1721666YV (button) showed
Seat 7: PLR_8350214MM (small blind) showed
Seat 8: PLR_9420644IT (big blind) showed



PokerStars Hand #3435240755: Hold'em No Limit ($0.02/$0.05) - 2017/03/11 0:57:15
Table '#11428969' Seat #7 is the button
Seat 1: Hero ($12.16 in chips)
Seat 2: PLR_2717984WL ($6.54 in chips)
Seat 3: PLR_5180063CJ ($6.19 in chips)
Seat 4: PLR_5137884OV ($5.33 in chips)
Seat 5: PLR_3872538AB ($8.23 in chips)
Seat 6: PLR_1721666YV ($5.55 in chips)
Seat 7: PLR_8350214MM ($5.95 in chips)
Seat 8: PLR_9420644IT ($3.88 in chips)
PLR_9420644IT: posts small blind $0.02
Hero: posts big blind $0.05
*** HOLE CARDS ***
Dealt to Hero [7s 7c]
PLR_2717984WL: raises $0.15 to $0.15
PLR_5180063CJ: folds
PLR_5137884OV: folds
PLR_3872538AB: folds
PLR_1721666YV: folds
PLR_8350214MM: calls $0.15 
PLR_9420644IT: folds
Hero: calls $0.10 
*** FLOP *** [5c Qh Qs]
Hero: checks
PLR_2717984WL: bets $0.29 
PLR_8350214MM: folds
Hero: calls $0.29 
*** TURN *** [5c Qh Qs] [2h]
Hero: checks
PLR_2717984WL: bets $1 
Hero: calls $1 
*** RIVER *** [5c Qh Qs 2h] [Ac]
Hero: checks
PLR_2717984WL: bets $2 
Hero: calls $2 
*** SHOW DOWN ***
PLR_2717984WL: shows [5d 5s] (a full house, Fives full of Queens)
Hero: shows [7s 7c] (Two pair)
PLR_2717984WL collected $6.7 from pot
*** SUMMARY ***
Total pot $7.05 | Rake $0.35
Board [5c Qh Qs 2h Ac]
Seat 1: Hero (big blind) showed [7s 7c]
Seat 2: PLR_2717984WL showed [5d 5s] and won ($6.7) with a full house, Fives full of Queens
Seat 3: PLR_5180063CJ showed
Seat 4: PLR_5137884OV showed
Seat 5: PLR_3872538AB showed
Seat 6: PLR_1721666YV showed
Seat 7: PLR_8350214MM (button) showed
Seat 8: PLR_9420644IT (small blind) showed



PokerStars Hand #3435241597: Hold'em No Limit ($0.02/$0.05) - 2017/03/11 0:58:57
Table '#11428969' Seat #8 is the button
Seat 1: Hero ($8.72 in chips)
Seat 2: PLR_2717984WL ($9.80 in chips)
Seat 3: PLR_5180063CJ ($6.19 in chips)
Seat 4: PLR_5137884OV ($5.33 in chips)
Seat 5: PLR_3872538AB ($8.23 in chips)
Seat 6: PLR_1721666YV ($5.55 in chips)
Seat 7: PLR_8350214MM ($5.80 in chips)
Seat 8: PLR_9420644IT ($3.86 in chips)
Hero: posts small blind $0.02
PLR_2717984WL: posts big blind $0.05
*** HOLE CARDS ***
Dealt to Hero [6c Qh]
PLR_5180063CJ: folds
PLR_5137884OV: folds
PLR_3872538AB: folds
PLR_1721666YV: calls $0.05 
PLR_8350214MM: folds
PLR_9420644IT: calls $0.05 
Hero: folds
PLR_2717984WL: checks
*** FLOP *** [7s Jh Qs]
PLR_2717984WL: checks
PLR_1721666YV: bets $0.11 
PLR_9420644IT: calls $0.11 
PLR_2717984WL: folds
*** TURN *** [7s Jh Qs] [5d]
PLR_1721666YV: checks
PLR_9420644IT: checks
*** RIVER *** [7s Jh Qs 5d] [Th]
Seat sit down
PLR_1721666YV: checks
Table deposit $5 
PLR_9420644IT: checks
*** SHOW DOWN ***
PLR_1721666YV: shows [9s Jd] (a pair of Jacks)
PLR_9420644IT: shows [Kh Ts] (One pair)
PLR_1721666YV collected $0.38 from pot
*** SUMMARY ***
Total pot $0.39 | Rake $0.01
Board [7s Jh Qs 5d Th]
Seat 1: Hero (small blind) showed
Seat 2: PLR_2717984WL (big blind) showed
Seat 3: PLR_5180063CJ showed
Seat 4: PLR_5137884OV showed
Seat 5: PLR_3872538AB showed
Seat 6: PLR_1721666YV showed [9s Jd] and won ($0.38) with a pair of Jacks
Seat 7: PLR_8350214MM showed
Seat 8: PLR_9420644IT (button) showed [Kh Ts]



PokerStars Hand #3435242345: Hold'em No Limit ($0.02/$0.05) - 2017/03/11 1:00:28
Table '#11428969' Seat #1 is the button
Seat 1: Hero ($8.70 in chips)
Seat 2: PLR_2717984WL ($9.75 in chips)
Seat 3: PLR_5180063CJ ($6.19 in chips)
Seat 4: PLR_5137884OV ($5.33 in chips)
Seat 5: PLR_3872538AB ($8.23 in chips)
Seat 6: PLR_1721666YV ($5.77 in chips)
Seat 7: PLR_8350214MM ($5.80 in chips)
Seat 8: PLR_9420644IT ($3.70 in chips)
Seat 9: PLR_1199228MQ ($5 in chips)
PLR_2717984WL: posts small blind $0.02
PLR_5180063CJ: posts big blind $0.05
PLR_1199228MQ: posts big blind $0.05
*** HOLE CARDS ***
Dealt to Hero [9h 3s]
PLR_5137884OV: folds
PLR_3872538AB: calls $0.05 
PLR_1721666YV: folds
PLR_8350214MM: folds
PLR_9420644IT: folds
PLR_1199228MQ: checks
Hero: folds
PLR_2717984WL: calls $0.03 
PLR_5180063CJ: checks
*** FLOP *** [Kd 2s 6d]
PLR_2717984WL: checks
PLR_5180063CJ: checks
PLR_3872538AB: checks
PLR_1199228MQ: checks
*** TURN *** [Kd 2s 6d] [Td]
PLR_2717984WL: checks
PLR_5180063CJ: checks
PLR_3872538AB: bets $0.05 
PLR_1199228MQ: folds
PLR_2717984WL: folds
PLR_5180063CJ: calls $0.05 
*** RIVER *** [Kd 2s 6d Td] [8c]
PLR_5180063CJ: checks
PLR_3872538AB: bets $0.20 
PLR_5180063CJ: calls $0.20 
*** SHOW DOWN ***
PLR_3872538AB: shows [3d As] (high card Ace)
PLR_5180063CJ: shows [Qd 8s] (a pair of Eights)
PLR_5180063CJ collected $0.67 from pot
*** SUMMARY ***
Total pot $0.7 | Rake $0.03
Board [Kd 2s 6d Td 8c]
Seat 1: Hero (button) showed
Seat 2: PLR_2717984WL (small blind) showed
Seat 3: PLR_5180063CJ (big blind) showed [Qd 8s] and won ($0.67) with a pair of Eights
Seat 4: PLR_5137884OV showed
Seat 5: PLR_3872538AB showed [3d As-As Kd Td 8c 6d] and lost with high card Three
Seat 6: PLR_1721666YV showed
Seat 7: PLR_8350214MM showed
Seat 8: PLR_9420644IT showed
Seat 9: PLR_1199228MQ showed



PokerStars Hand #3435243408: Hold'em No Limit ($0.02/$0.05) - 2017/03/11 1:02:49
Table '#11428969' Seat #2 is the button
Seat 1: Hero ($8.70 in chips)
Seat 2: PLR_2717984WL ($9.70 in chips)
Seat 3: PLR_5180063CJ ($6.56 in chips)
Seat 4: PLR_5137884OV ($5.33 in chips)
Seat 5: PLR_3872538AB ($7.93 in chips)
Seat 6: PLR_1721666YV ($5.77 in chips)
Seat 7: PLR_8350214MM ($5.80 in chips)
Seat 8: PLR_9420644IT ($3.70 in chips)
Seat 9: PLR_1199228MQ ($4.95 in chips)
PLR_5180063CJ: posts small blind $0.02
PLR_5137884OV: posts big blind $0.05
*** HOLE CARDS ***
Dealt to Hero [2h Js]
PLR_3872538AB: calls $0.05 
PLR_1721666YV: calls $0.05 
PLR_8350214MM: folds
PLR_9420644IT: folds
PLR_1199228MQ: folds
Hero: folds
PLR_2717984WL: folds
PLR_5180063CJ: calls $0.03 
PLR_5137884OV: checks
*** FLOP *** [Kd Ac Jc]
PLR_5180063CJ: checks
PLR_5137884OV: checks
PLR_3872538AB: checks
PLR_1721666YV: checks
*** TURN *** [Kd Ac Jc] [2d]
PLR_5180063CJ: checks
PLR_5137884OV: checks
PLR_3872538AB: bets $0.05 
PLR_1721666YV: calls $0.05 
PLR_5180063CJ: calls $0.05 
PLR_5137884OV: folds
*** RIVER *** [Kd Ac Jc 2d] [3h]
PLR_5180063CJ: checks
PLR_3872538AB: bets $0.20 
PLR_1721666YV: calls $0.20 
PLR_5180063CJ: folds
*** SHOW DOWN ***
PLR_3872538AB: shows [Ah 5h] (a pair of Aces)
PLR_1721666YV: shows [Kh Ts] (One pair)
PLR_3872538AB collected $0.72 from pot
*** SUMMARY ***
Total pot $0.75 | Rake $0.03
Board [Kd Ac Jc 2d 3h]
Seat 1: Hero showed
Seat 2: PLR_2717984WL (button) showed
Seat 3: PLR_5180063CJ (small blind) showed
Seat 4: PLR_5137884OV (big blind) showed
Seat 5: PLR_3872538AB showed [Ah 5h] and won ($0.72) with a pair of Aces
Seat 6: PLR_1721666YV showed [Kh Ts]
Seat 7: PLR_8350214MM showed
Seat 8: PLR_9420644IT showed
Seat 9: PLR_1199228MQ showed



PokerStars Hand #3435244139: Hold'em No Limit ($0.02/$0.05) - 2017/03/11 1:04:24
Table '#11428969' Seat #3 is the button
Seat 1: Hero ($8.70 in chips)
Seat 2: PLR_2717984WL ($9.70 in chips)
Seat 3: PLR_5180063CJ ($6.46 in chips)
Seat 4: PLR_5137884OV ($5.28 in chips)
Seat 5: PLR_3872538AB ($8.35 in chips)
Seat 6: PLR_1721666YV ($5.47 in chips)
Seat 7: PLR_8350214MM ($5.80 in chips)
Seat 8: PLR_9420644IT ($3.70 in chips)
Seat 9: PLR_1199228MQ ($4.95 in chips)
PLR_5137884OV: posts small blind $0.02
PLR_3872538AB: posts big blind $0.05
*** HOLE CARDS ***
Dealt to Hero [Ts Tc]
PLR_1721666YV: calls $0.05 
PLR_8350214MM: raises $0.18 to $0.18
PLR_9420644IT: folds
PLR_1199228MQ: folds
Hero: raises $0.66 to $0.66
PLR_2717984WL: folds
PLR_5180063CJ: calls $0.66 
PLR_5137884OV: folds
PLR_3872538AB: folds
PLR_1721666YV: folds
PLR_8350214MM: folds
*** FLOP *** [2s 9c 4c]
Hero: bets $1.62 
PLR_5180063CJ: folds
Uncalled bet ($1.62) returned to Hero
Hero: doesn't show hand
Hero collected $1.54 from pot
*** SUMMARY ***
Total pot $1.62 | Rake $0.08
Board [2s 9c 4c]
Seat 1: Hero won ($1.54)
Seat 2: PLR_2717984WL showed
Seat 3: PLR_5180063CJ (button) showed
Seat 4: PLR_5137884OV (small blind) showed
Seat 5: PLR_3872538AB (big blind) showed
Seat 6: PLR_1721666YV showed
Seat 7: PLR_8350214MM showed
Seat 8: PLR_9420644IT showed
Seat 9: PLR_1199228MQ showed



PokerStars Hand #3435244809: Hold'em No Limit ($0.02/$0.05) - 2017/03/11 1:05:53
Table '#11428969' Seat #4 is the button
Seat 1: Hero ($9.58 in chips)
Seat 2: PLR_2717984WL ($9.70 in chips)
Seat 3: PLR_5180063CJ ($5.80 in chips)
Seat 4: PLR_5137884OV ($5.26 in chips)
Seat 5: PLR_3872538AB ($8.30 in chips)
Seat 6: PLR_1721666YV ($5.42 in chips)
Seat 7: PLR_8350214MM ($5.62 in chips)
Seat 8: PLR_9420644IT ($3.70 in chips)
Seat 9: PLR_1199228MQ ($4.95 in chips)
PLR_3872538AB: posts small blind $0.02
PLR_1721666YV: posts big blind $0.05
*** HOLE CARDS ***
Dealt to Hero [Ad 4s]
PLR_8350214MM: folds
PLR_9420644IT: folds
PLR_1199228MQ: folds
Hero: folds
PLR_2717984WL: folds
PLR_5180063CJ: raises $0.15 to $0.15
PLR_5137884OV: calls $0.15 
PLR_3872538AB: folds
PLR_1721666YV: raises $0.70 to $0.75
PLR_5180063CJ: calls $0.60 
PLR_5137884OV: folds
*** FLOP *** [5d 6h 3s]
PLR_1721666YV: bets $1.25 
PLR_5180063CJ: folds
Uncalled bet ($1.25) returned to PLR_1721666YV
PLR_1721666YV: doesn't show hand
PLR_1721666YV collected $1.59 from pot
*** SUMMARY ***
Total pot $1.67 | Rake $0.08
Board [5d 6h 3s]
Seat 1: Hero showed
Seat 2: PLR_2717984WL showed
Seat 3: PLR_5180063CJ showed
Seat 4: PLR_5137884OV (button) showed
Seat 5: PLR_3872538AB (small blind) showed
Seat 6: PLR_1721666YV (big blind) won ($1.59)
Seat 7: PLR_8350214MM showed
Seat 8: PLR_9420644IT showed
Seat 9: PLR_1199228MQ showed



PokerStars Hand #3435245378: Hold'em No Limit ($0.02/$0.05) - 2017/03/11 1:07:06
Table '#11428969' Seat #5 is the button
Seat 1: Hero ($9.58 in chips)
Seat 2: PLR_2717984WL ($9.70 in chips)
Seat 3: PLR_5180063CJ ($5.05 in chips)
Seat 4: PLR_5137884OV ($5.11 in chips)
Seat 5: PLR_3872538AB ($8.28 in chips)
Seat 6: PLR_1721666YV ($6.26 in chips)
Seat 7: PLR_8350214MM ($5.62 in chips)
Seat 8: PLR_9420644IT ($3.70 in chips)
Seat 9: PLR_1199228MQ ($4.95 in chips)
PLR_1721666YV: posts small blind $0.02
PLR_8350214MM: posts big blind $0.05
*** HOLE CARDS ***
Dealt to Hero [9s 7c]
PLR_9420644IT: folds
PLR_1199228MQ: folds
Hero: folds
PLR_2717984WL: folds
PLR_5180063CJ: calls $0.05 
PLR_5137884OV: folds
PLR_3872538AB: calls $0.05 
PLR_1721666YV: calls $0.03 
PLR_8350214MM: raises $0.13 to $0.18
PLR_5180063CJ: calls $0.13 
PLR_3872538AB: folds
PLR_1721666YV: folds
*** FLOP *** [Qd 5d Kc]
PLR_8350214MM: bets $0.22 
PLR_5180063CJ: calls $0.22 
*** TURN *** [Qd 5d Kc] [3d]
PLR_8350214MM: checks
PLR_5180063CJ: bets $0.40 
PLR_8350214MM: calls $0.40 
*** RIVER *** [Qd 5d Kc 3d] [Ks]
PLR_8350214MM: checks
PLR_5180063CJ: checks
*** SHOW DOWN ***
PLR_8350214MM: shows [Qs Ad] (two pair, Kings and Aces)
PLR_5180063CJ: shows [Tc Jd] (One pair)
PLR_8350214MM collected $1.62 from pot
*** SUMMARY ***
Total pot $1.7 | Rake $0.08
Board [Qd 5d Kc 3d Ks]
Seat 1: Hero showed
Seat 2: PLR_2717984WL showed
Seat 3: PLR_5180063CJ showed [Tc Jd]
Seat 4: PLR_5137884OV showed
Seat 5: PLR_3872538AB (button) showed
Seat 6: PLR_1721666YV (small blind) showed
Seat 7: PLR_8350214MM (big blind) showed [Qs Ad] and won ($1.62) with two pair, Kings and Aces
Seat 8: PLR_9420644IT showed
Seat 9: PLR_1199228MQ showed



PokerStars Hand #3435246094: Hold'em No Limit ($0.02/$0.05) - 2017/03/11 1:08:37
Table '#11428969' Seat #5 is the button
Seat 1: Hero ($9.58 in chips)
Seat 2: PLR_2717984WL ($9.70 in chips)
Seat 3: PLR_5180063CJ ($4.25 in chips)
Seat 4: PLR_5137884OV ($5.11 in chips)
Seat 5: PLR_3872538AB ($8.23 in chips)
Seat 7: PLR_8350214MM ($6.44 in chips)
Seat 8: PLR_9420644IT ($3.70 in chips)
Seat 9: PLR_1199228MQ ($4.95 in chips)
PLR_8350214MM: posts small blind $0.02
PLR_9420644IT: posts big blind $0.05
*** HOLE CARDS ***
Dealt to Hero [4s Ks]
PLR_1199228MQ: folds
Hero: folds
PLR_2717984WL: folds
PLR_5180063CJ: folds
PLR_5137884OV: folds
PLR_3872538AB: folds
PLR_8350214MM: folds
PLR_9420644IT: doesn't show hand
PLR_9420644IT collected $0.07 from pot
*** SUMMARY ***
Total pot $0.07 | Rake $0.00
Seat 1: Hero showed
Seat 2: PLR_2717984WL showed
Seat 3: PLR_5180063CJ showed
Seat 4: PLR_5137884OV showed
Seat 5: PLR_3872538AB (button) showed
Seat 7: PLR_8350214MM (small blind) showed
Seat 8: PLR_9420644IT (big blind) won ($0.07)
Seat 9: PLR_1199228MQ showed



PokerStars Hand #3435246258: Hold'em No Limit ($0.02/$0.05) - 2017/03/11 1:08:58
Table '#11428969' Seat #7 is the button
Seat 1: Hero ($9.58 in chips)
Seat 2: PLR_2717984WL ($9.70 in chips)
Seat 3: PLR_5180063CJ ($4.25 in chips)
Seat 4: PLR_5137884OV ($5.11 in chips)
Seat 5: PLR_3872538AB ($8.23 in chips)
Seat 7: PLR_8350214MM ($6.42 in chips)
Seat 8: PLR_9420644IT ($3.72 in chips)
Seat 9: PLR_1199228MQ ($4.95 in chips)
PLR_9420644IT: posts small blind $0.02
PLR_1199228MQ: posts big blind $0.05
*** HOLE CARDS ***
Dealt to Hero [Js Ks]
Hero: raises $0.17 to $0.17
PLR_2717984WL: folds
PLR_5180063CJ: folds
PLR_5137884OV: calls $0.17 
PLR_3872538AB: calls $0.17 
PLR_8350214MM: folds 
PLR_8350214MM: Seat re-join
PLR_9420644IT: calls $0.15 
PLR_1199228MQ: calls $0.12 
*** FLOP *** [6d 3s 4c]
Table leave user
PLR_9420644IT: checks
PLR_1199228MQ: bets $0.45 
Seat sit down
Hero: calls $0.45 
Table deposit $5 
PLR_5137884OV: folds
PLR_3872538AB: folds
PLR_9420644IT: folds
*** TURN *** [6d 3s 4c] [4d]
PLR_1199228MQ: bets $0.85 
Hero: folds
Uncalled bet ($0.85) returned to PLR_1199228MQ
PLR_1199228MQ: doesn't show hand
PLR_1199228MQ collected $1.67 from pot
*** SUMMARY ***
Total pot $1.75 | Rake $0.08
Board [6d 3s 4c 4d]
Seat 1: Hero showed
Seat 2: PLR_2717984WL showed
Seat 3: PLR_5180063CJ showed
Seat 4: PLR_5137884OV showed
Seat 5: PLR_3872538AB showed
Seat 7: PLR_8350214MM (button) showed
Seat 8: PLR_9420644IT (small blind) showed
Seat 9: PLR_1199228MQ (big blind) won ($1.67)



PokerStars Hand #3435247082: Hold'em No Limit ($0.02/$0.05) - 2017/03/11 1:10:47
Table '#11428969' Seat #8 is the button
Seat 1: Hero ($8.96 in chips)
Seat 2: PLR_2717984WL ($9.70 in chips)
Seat 3: PLR_5180063CJ ($4.25 in chips)
Seat 4: PLR_5137884OV ($4.94 in chips)
Seat 5: PLR_3872538AB ($8.06 in chips)
Seat 6: PLR_8298212TQ ($5 in chips)
Seat 7: PLR_8350214MM ($6.42 in chips)
Seat 8: PLR_9420644IT ($3.55 in chips)
Seat 9: PLR_1199228MQ ($6 in chips)
PLR_1199228MQ: posts small blind $0.02
Hero: posts big blind $0.05
PLR_8298212TQ: posts big blind $0.05
*** HOLE CARDS ***
Dealt to Hero [7d 3c]
PLR_2717984WL: folds
PLR_5180063CJ: raises $0.15 to $0.15
PLR_5137884OV: folds
PLR_3872538AB: folds
PLR_8298212TQ: folds
PLR_8350214MM: calls $0.15 
PLR_9420644IT: calls $0.15 
PLR_1199228MQ: folds
Hero: folds
*** FLOP *** [Jh 7s Kc]
PLR_5180063CJ: bets $0.30 
PLR_8350214MM: folds
PLR_9420644IT: calls $0.30 
*** TURN *** [Jh 7s Kc] [6d]
PLR_5180063CJ: bets $0.55 
PLR_9420644IT: calls $0.55 
*** RIVER *** [Jh 7s Kc 6d] [6s]
PLR_5180063CJ: checks
PLR_9420644IT: checks
*** SHOW DOWN ***
PLR_5180063CJ: shows [Kh As] (two pair, Kings and Aces)
PLR_9420644IT: shows [Kd Qh] (Two pair)
PLR_5180063CJ collected $2.16 from pot
*** SUMMARY ***
Total pot $2.27 | Rake $0.11
Board [Jh 7s Kc 6d 6s]
Seat 1: Hero (big blind) showed
Seat 2: PLR_2717984WL showed
Seat 3: PLR_5180063CJ showed [Kh As] and won ($2.16) with two pair, Kings and Aces
Seat 4: PLR_5137884OV showed
Seat 5: PLR_3872538AB showed
Seat 6: PLR_8298212TQ showed
Seat 7: PLR_8350214MM showed
Seat 8: PLR_9420644IT (button) showed [Kd Qh]
Seat 9: PLR_1199228MQ (small blind) showed



PokerStars Hand #3435248250: Hold'em No Limit ($0.02/$0.05) - 2017/03/11 1:13:24
Table '#11428969' Seat #9 is the button
Seat 1: Hero ($8.91 in chips)
Seat 3: PLR_5180063CJ ($5.41 in chips)
Seat 4: PLR_5137884OV ($4.94 in chips)
Seat 5: PLR_3872538AB ($8.06 in chips)
Seat 6: PLR_8298212TQ ($4.95 in chips)
Seat 7: PLR_8350214MM ($6.27 in chips)
Seat 8: PLR_9420644IT ($2.55 in chips)
Seat 9: PLR_1199228MQ ($5.98 in chips)
Hero: posts small blind $0.02
PLR_5180063CJ: posts big blind $0.05
*** HOLE CARDS ***
Dealt to Hero [Qd Jd]
PLR_5137884OV: folds
Table leave user
PLR_3872538AB: folds
PLR_8298212TQ: folds
PLR_8350214MM: folds
PLR_9420644IT: folds
PLR_1199228MQ: raises $0.15 to $0.15
Hero: raises $0.43 to $0.45
PLR_5180063CJ: folds
PLR_1199228MQ: folds
Uncalled bet ($0.30) returned to Hero
Hero: doesn't show hand
Hero collected $0.35 from pot
*** SUMMARY ***
Total pot $0.35 | Rake $0.00
Seat 1: Hero (small blind) won ($0.35)
Seat 3: PLR_5180063CJ (big blind) showed
Seat 4: PLR_5137884OV showed
Seat 5: PLR_3872538AB showed
Seat 6: PLR_8298212TQ showed
Seat 7: PLR_8350214MM showed
Seat 8: PLR_9420644IT showed
Seat 9: PLR_1199228MQ (button) showed



PokerStars Hand #3435248520: Hold'em No Limit ($0.02/$0.05) - 2017/03/11 1:13:59
Table '#11428969' Seat #1 is the button
Seat 1: Hero ($9.11 in chips)
Seat 3: PLR_5180063CJ ($5.36 in chips)
Seat 4: PLR_5137884OV ($4.94 in chips)
Seat 5: PLR_3872538AB ($8.06 in chips)
Seat 6: PLR_8298212TQ ($4.95 in chips)
Seat 7: PLR_8350214MM ($6.27 in chips)
Seat 8: PLR_9420644IT ($2.55 in chips)
Seat 9: PLR_1199228MQ ($5.83 in chips)
PLR_5180063CJ: posts small blind $0.02
PLR_5137884OV: posts big blind $0.05
*** HOLE CARDS ***
Dealt to Hero [Qd 4c]
PLR_3872538AB: folds
Seat sit down
Table deposit $1.50 
PLR_8298212TQ: folds
PLR_8350214MM: folds
PLR_9420644IT: folds
PLR_1199228MQ: folds
Hero: folds
PLR_5180063CJ: calls $0.03 
PLR_5137884OV: checks
*** FLOP *** [Jc 3s Ts]
PLR_5180063CJ: checks
PLR_5137884OV: bets $0.10 
PLR_5180063CJ: folds
Uncalled bet ($0.10) returned to PLR_5137884OV
PLR_5137884OV: doesn't show hand
PLR_5137884OV collected $0.1 from pot
*** SUMMARY ***
Total pot $0.1 | Rake $0.00
Board [Jc 3s Ts]
Seat 1: Hero (button) showed
Seat 3: PLR_5180063CJ (small blind) showed
Seat 4: PLR_5137884OV (big blind) won ($0.1)
Seat 5: PLR_3872538AB showed
Seat 6: PLR_8298212TQ showed
Seat 7: PLR_8350214MM showed
Seat 8: PLR_9420644IT showed
Seat 9: PLR_1199228MQ showed



PokerStars Hand #3435248898: Hold'em No Limit ($0.02/$0.05) - 2017/03/11 1:14:47
Table '#11428969' Seat #3 is the button
Seat 1: Hero ($9.11 in chips)
Seat 2: PLR_2717984WL ($1.50 in chips)
Seat 3: PLR_5180063CJ ($5.31 in chips)
Seat 4: PLR_5137884OV ($4.99 in chips)
Seat 5: PLR_3872538AB ($8.06 in chips)
Seat 6: PLR_8298212TQ ($4.95 in chips)
Seat 7: PLR_8350214MM ($6.27 in chips)
Seat 9: PLR_1199228MQ ($5.83 in chips)
PLR_5137884OV: posts small blind $0.02
PLR_3872538AB: posts big blind $0.05
PLR_2717984WL: posts big blind $0.05
*** HOLE CARDS ***
Dealt to Hero [Ac 6c]
Table leave user
PLR_8298212TQ: calls $0.05 
PLR_8350214MM: folds
PLR_1199228MQ: folds
Hero: calls $0.05 
PLR_2717984WL: checks
PLR_5180063CJ: folds
PLR_5137884OV: folds
PLR_3872538AB: checks
*** FLOP *** [8s 8h Th]
PLR_3872538AB: checks
PLR_8298212TQ: checks
Hero: checks
PLR_2717984WL: checks
*** TURN *** [8s 8h Th] [Ah]
PLR_3872538AB: checks
PLR_8298212TQ: checks
Hero: bets $0.16 
PLR_2717984WL: folds
PLR_3872538AB: calls $0.16 
PLR_8298212TQ: folds
*** RIVER *** [8s 8h Th Ah] [3d]
PLR_3872538AB: bets $0.40 
Hero: calls $0.40 
*** SHOW DOWN ***
PLR_3872538AB: shows [Js 8d] (three of a kind, Eights)
Hero: shows [Ac 6c] (Two pair)
PLR_3872538AB collected $1.28 from pot
Seat sit down
Table deposit $1.50 
*** SUMMARY ***
Total pot $1.34 | Rake $0.06
Board [8s 8h Th Ah 3d]
Seat 1: Hero showed [Ac 6c]
Seat 2: PLR_2717984WL showed
Seat 3: PLR_5180063CJ (button) showed
Seat 4: PLR_5137884OV (small blind) showed
Seat 5: PLR_3872538AB (big blind) showed [Js 8d] and won ($1.28) with three of a kind, Eights
Seat 6: PLR_8298212TQ showed
Seat 7: PLR_8350214MM showed
Seat 9: PLR_1199228MQ showed



PokerStars Hand #3435249526: Hold'em No Limit ($0.02/$0.05) - 2017/03/11 1:16:10
Table '#11428969' Seat #4 is the button
Seat 1: Hero ($8.50 in chips)
Seat 2: PLR_2717984WL ($1.45 in chips)
Seat 4: PLR_5137884OV ($4.97 in chips)
Seat 5: PLR_3872538AB ($8.73 in chips)
Seat 6: PLR_8298212TQ ($4.90 in chips)
Seat 7: PLR_8350214MM ($6.27 in chips)
Seat 9: PLR_1199228MQ ($5.83 in chips)
PLR_3872538AB: posts small blind $0.02
PLR_8298212TQ: posts big blind $0.05
*** HOLE CARDS ***
Dealt to Hero [6s Qd]
PLR_8350214MM: folds
PLR_1199228MQ: raises $0.15 to $0.15
Hero: folds
PLR_2717984WL: folds
PLR_5137884OV: calls $0.15 
PLR_3872538AB: folds
PLR_8298212TQ: calls $0.10 
*** FLOP *** [6d Ac 4h]
PLR_8298212TQ: checks
PLR_1199228MQ: bets $0.25 
PLR_5137884OV: calls $0.25 
PLR_8298212TQ: folds
*** TURN *** [6d Ac 4h] [Td]
PLR_1199228MQ: checks
PLR_5137884OV: bets $0.72 
PLR_1199228MQ: folds
Uncalled bet ($0.72) returned to PLR_5137884OV
PLR_5137884OV: doesn't show hand
PLR_5137884OV collected $0.93 from pot
*** SUMMARY ***
Total pot $0.97 | Rake $0.04
Board [6d Ac 4h Td]
Seat 1: Hero showed
Seat 2: PLR_2717984WL showed
Seat 4: PLR_5137884OV (button) won ($0.93)
Seat 5: PLR_3872538AB (small blind) showed
Seat 6: PLR_8298212TQ (big blind) showed
Seat 7: PLR_8350214MM showed
Seat 9: PLR_1199228MQ showed



PokerStars Hand #3435250138: Hold'em No Limit ($0.02/$0.05) - 2017/03/11 1:17:30
Table '#11428969' Seat #5 is the button
Seat 1: Hero ($8.50 in chips)
Seat 2: PLR_2717984WL ($1.45 in chips)
Seat 4: PLR_5137884OV ($5.50 in chips)
Seat 5: PLR_3872538AB ($8.71 in chips)
Seat 6: PLR_8298212TQ ($4.75 in chips)
Seat 7: PLR_8350214MM ($6.27 in chips)
Seat 9: PLR_1199228MQ ($5.43 in chips)
PLR_8298212TQ: posts small blind $0.02
PLR_8350214MM: posts big blind $0.05
*** HOLE CARDS ***
Dealt to Hero [Ac Jd]
PLR_1199228MQ: raises $0.15 to $0.15
Hero: raises $0.47 to $0.47
PLR_2717984WL: folds
PLR_5137884OV: folds
PLR_3872538AB: folds
PLR_8298212TQ: folds
PLR_8350214MM: folds
PLR_1199228MQ: calls $0.32 
*** FLOP *** [8h 5s 4h]
PLR_1199228MQ: checks
Hero: bets $0.55 
PLR_1199228MQ: folds
Uncalled bet ($0.55) returned to Hero
Hero: doesn't show hand
Hero collected $0.96 from pot
*** SUMMARY ***
Total pot $1.01 | Rake $0.05
Board [8h 5s 4h]
Seat 1: Hero won ($0.96)
Seat 2: PLR_2717984WL showed
Seat 4: PLR_5137884OV showed
Seat 5: PLR_3872538AB (button) showed
Seat 6: PLR_8298212TQ (small blind) showed
Seat 7: PLR_8350214MM (big blind) showed
Seat 9: PLR_1199228MQ showed



PokerStars Hand #3435250729: Hold'em No Limit ($0.02/$0.05) - 2017/03/11 1:18:46
Table '#11428969' Seat #6 is the button
Seat 1: Hero ($8.99 in chips)
Seat 2: PLR_2717984WL ($1.45 in chips)
Seat 4: PLR_5137884OV ($5.50 in chips)
Seat 5: PLR_3872538AB ($8.71 in chips)
Seat 6: PLR_8298212TQ ($4.73 in chips)
Seat 7: PLR_8350214MM ($6.22 in chips)
Seat 8: PLR_9420644IT ($1.50 in chips)
Seat 9: PLR_1199228MQ ($4.96 in chips)
PLR_8350214MM: posts small blind $0.02
PLR_1199228MQ: posts big blind $0.05
*** HOLE CARDS ***
Dealt to Hero [Ad Jd]
PLR_9420644IT: Seat re-join
Seat sit down
Hero: raises $0.17 to $0.17
PLR_2717984WL: raises $0.58 to $0.58
PLR_5137884OV: folds
PLR_3872538AB: folds
Table deposit $5 
PLR_8298212TQ: folds 
PLR_8350214MM: folds
PLR_1199228MQ: folds
Hero: raises $1.64 to $1.81
PLR_2717984WL: calls $0.87 and is all-in
*** FLOP *** [5h 6d 9c]
*** TURN *** [5h 6d 9c] [8d]
*** RIVER *** [5h 6d 9c 8d] [6c]
*** SHOW DOWN ***
Hero: shows [Ad Jd] (a pair of Sixs)
PLR_2717984WL: shows [Kd Kh] (two pair, Kings and Nines)
Uncalled bet ($0.36) returned to Hero
PLR_2717984WL collected $2.83 from pot
*** SUMMARY ***
Total pot $2.97 | Rake $0.14
Board [5h 6d 9c 8d 6c]
Seat 1: Hero showed [Ad Jd] and lost with a pair of Sixes
Seat 2: PLR_2717984WL showed [Kd Kh] and won ($2.83) with two pair, Kings and Nines
Seat 4: PLR_5137884OV showed
Seat 5: PLR_3872538AB showed
Seat 6: PLR_8298212TQ (button) showed
Seat 7: PLR_8350214MM (small blind) showed
Seat 9: PLR_1199228MQ (big blind) showed



PokerStars Hand #3435251275: Hold'em No Limit ($0.02/$0.05) - 2017/03/11 1:20:01
Table '#611428969' 6-max Seat #7 is the button
Seat 1: Hero ($7.54 in chips)
Seat 2: PLR_2717984WL ($2.83 in chips)
Seat 4: PLR_5137884OV ($5.50 in chips)
Seat 5: PLR_3872538AB ($8.71 in chips)
Seat 7: PLR_8350214MM ($6.20 in chips)
Seat 9: PLR_1199228MQ ($4.91 in chips)
PLR_1199228MQ: posts small blind $0.02
Hero: posts big blind $0.05
*** HOLE CARDS ***
Dealt to Hero [8h 2h]
PLR_2717984WL: folds
PLR_5137884OV: folds
PLR_3872538AB: folds
PLR_8350214MM: raises $0.10 to $0.10
PLR_1199228MQ: calls $0.08 
Hero: calls $0.05 
*** FLOP *** [8s Qc Td]
PLR_1199228MQ: checks
Hero: checks
PLR_8350214MM: bets $0.30 
PLR_1199228MQ: folds
Hero: folds
Uncalled bet ($0.30) returned to PLR_8350214MM
PLR_8350214MM: doesn't show hand
PLR_8350214MM collected $0.29 from pot
*** SUMMARY ***
Total pot $0.3 | Rake $0.01
Board [8s Qc Td]
Seat 1: Hero (big blind) showed
Seat 2: PLR_2717984WL showed
Seat 4: PLR_5137884OV showed
Seat 5: PLR_3872538AB showed
Seat 7: PLR_8350214MM (button) won ($0.29)
Seat 9: PLR_1199228MQ (small blind) showed



PokerStars Hand #3435251619: Hold'em No Limit ($0.02/$0.05) - 2017/03/11 1:20:50
Table '#611428969' 6-max Seat #9 is the button
Seat 1: Hero ($7.44 in chips)
Seat 2: PLR_2717984WL ($2.83 in chips)
Seat 4: PLR_5137884OV ($5.50 in chips)
Seat 5: PLR_3872538AB ($8.71 in chips)
Seat 7: PLR_8350214MM ($6.39 in chips)
Seat 9: PLR_1199228MQ ($4.81 in chips)
Hero: posts small blind $0.02
PLR_2717984WL: posts big blind $0.05
*** HOLE CARDS ***
Dealt to Hero [Qh 4h]
PLR_5137884OV: folds
PLR_3872538AB: calls $0.05 
PLR_8350214MM: folds
PLR_1199228MQ: folds
Hero: calls $0.03 
PLR_2717984WL: checks
*** FLOP *** [8h 2c 8c]
Hero: checks
PLR_2717984WL: checks
PLR_3872538AB: checks
*** TURN *** [8h 2c 8c] [5c]
Hero: checks
PLR_2717984WL: checks
PLR_3872538AB: checks
*** RIVER *** [8h 2c 8c 5c] [Jh]
Hero: checks
PLR_2717984WL: checks
PLR_3872538AB: bets $0.20 
Hero: folds
PLR_2717984WL: folds
Uncalled bet ($0.20) returned to PLR_3872538AB
PLR_3872538AB: doesn't show hand
PLR_3872538AB collected $0.15 from pot
*** SUMMARY ***
Total pot $0.15 | Rake $0.00
Board [8h 2c 8c 5c Jh]
Seat 1: Hero (small blind) showed
Seat 2: PLR_2717984WL (big blind) showed
Seat 4: PLR_5137884OV showed
Seat 5: PLR_3872538AB won ($0.15)
Seat 7: PLR_8350214MM showed
Seat 9: PLR_1199228MQ (button) showed



PokerStars Hand #3435251947: Hold'em No Limit ($0.02/$0.05) - 2017/03/11 1:21:38
Table '#11428969' Seat #1 is the button
Seat 1: Hero ($7.39 in chips)
Seat 2: PLR_2717984WL ($2.78 in chips)
Seat 3: PLR_7283888OZ ($5 in chips)
Seat 4: PLR_5137884OV ($5.50 in chips)
Seat 5: PLR_3872538AB ($8.81 in chips)
Seat 7: PLR_8350214MM ($6.39 in chips)
Seat 9: PLR_1199228MQ ($4.81 in chips)
PLR_2717984WL: posts small blind $0.02
PLR_7283888OZ: posts big blind $0.05
*** HOLE CARDS ***
Dealt to Hero [5s 8s]
PLR_5137884OV: folds
PLR_3872538AB: folds
PLR_8350214MM: folds
PLR_1199228MQ: folds
Hero: raises $0.17 to $0.17
PLR_2717984WL: calls $0.15 
PLR_7283888OZ: folds
*** FLOP *** [Js Qh Jc]
PLR_2717984WL: checks
Hero: checks
*** TURN *** [Js Qh Jc] [4h]
PLR_2717984WL: checks
Hero: checks
*** RIVER *** [Js Qh Jc 4h] [8h]
PLR_2717984WL: checks
Hero: bets $0.19 
PLR_2717984WL: calls $0.19 
*** SHOW DOWN ***
Hero: shows [5s 8s] (two pair, Jacks and Queens)
PLR_2717984WL: shows [Ah Ks] (One pair)
Hero collected $0.74 from pot
*** SUMMARY ***
Total pot $0.77 | Rake $0.03
Board [Js Qh Jc 4h 8h]
Seat 1: Hero (button) showed [5s 8s] and won ($0.74) with two pair, Jacks and Queens
Seat 2: PLR_2717984WL (small blind) showed [Ah Ks]
Seat 3: PLR_7283888OZ (big blind) showed
Seat 4: PLR_5137884OV showed
Seat 5: PLR_3872538AB showed
Seat 7: PLR_8350214MM showed
Seat 9: PLR_1199228MQ showed



PokerStars Hand #3435252370: Hold'em No Limit ($0.02/$0.05) - 2017/03/11 1:22:35
Table '#11428969' Seat #2 is the button
Seat 1: Hero ($7.77 in chips)
Seat 2: PLR_2717984WL ($2.42 in chips)
Seat 3: PLR_7283888OZ ($4.95 in chips)
Seat 4: PLR_5137884OV ($5.50 in chips)
Seat 5: PLR_3872538AB ($8.81 in chips)
Seat 7: PLR_8350214MM ($6.39 in chips)
Seat 9: PLR_1199228MQ ($4.81 in chips)
PLR_7283888OZ: posts small blind $0.02
PLR_5137884OV: posts big blind $0.05
*** HOLE CARDS ***
Dealt to Hero [5d Qc]
PLR_3872538AB: folds
PLR_8350214MM: folds
PLR_1199228MQ: folds
Hero: folds
PLR_2717984WL: folds
PLR_7283888OZ: calls $0.03 
PLR_5137884OV: raises $0.10 to $0.15
PLR_7283888OZ: calls $0.10 
*** FLOP *** [4s 7d 9s]
PLR_7283888OZ: checks
PLR_5137884OV: bets $0.25 
PLR_7283888OZ: calls $0.25 
*** TURN *** [4s 7d 9s] [Kh]
PLR_7283888OZ: checks
PLR_5137884OV: bets $0.75 
PLR_7283888OZ: folds
Uncalled bet ($0.75) returned to PLR_5137884OV
PLR_5137884OV: doesn't show hand
PLR_5137884OV collected $0.76 from pot
*** SUMMARY ***
Total pot $0.8 | Rake $0.04
Board [4s 7d 9s Kh]
Seat 1: Hero showed
Seat 2: PLR_2717984WL (button) showed
Seat 3: PLR_7283888OZ (small blind) showed
Seat 4: PLR_5137884OV (big blind) won ($0.76)
Seat 5: PLR_3872538AB showed
Seat 7: PLR_8350214MM showed
Seat 9: PLR_1199228MQ showed



PokerStars Hand #3435252895: Hold'em No Limit ($0.02/$0.05) - 2017/03/11 1:23:45
Table '#11428969' Seat #3 is the button
Seat 1: Hero ($7.77 in chips)
Seat 2: PLR_2717984WL ($2.42 in chips)
Seat 3: PLR_7283888OZ ($4.55 in chips)
Seat 4: PLR_5137884OV ($5.86 in chips)
Seat 5: PLR_3872538AB ($8.81 in chips)
Seat 7: PLR_8350214MM ($6.39 in chips)
Seat 9: PLR_1199228MQ ($4.81 in chips)
PLR_5137884OV: posts small blind $0.02
PLR_3872538AB: posts big blind $0.05
*** HOLE CARDS ***
Dealt to Hero [Jd 7s]
PLR_8350214MM: folds
PLR_1199228MQ: raises $0.15 to $0.15
Hero: folds
PLR_2717984WL: folds
PLR_7283888OZ: calls $0.15 
PLR_5137884OV: folds
PLR_3872538AB: folds
*** FLOP *** [8d 6h Qc]
PLR_1199228MQ: bets $0.25 
PLR_7283888OZ: calls $0.25 
*** TURN *** [8d 6h Qc] [8c]
PLR_1199228MQ: bets $0.45 
PLR_7283888OZ: calls $0.45 
*** RIVER *** [8d 6h Qc 8c] [5h]
PLR_1199228MQ: checks
PLR_7283888OZ: checks
*** SHOW DOWN ***
PLR_1199228MQ: shows [Kh Kd] (two pair, Kings and Queens)
PLR_7283888OZ: shows [Qs Jh] (Two pair)
PLR_1199228MQ collected $1.69 from pot
*** SUMMARY ***
Total pot $1.77 | Rake $0.08
Board [8d 6h Qc 8c 5h]
Seat 1: Hero showed
Seat 2: PLR_2717984WL showed
Seat 3: PLR_7283888OZ (button) showed [Qs Jh]
Seat 4: PLR_5137884OV (small blind) showed
Seat 5: PLR_3872538AB (big blind) showed
Seat 7: PLR_8350214MM showed
Seat 9: PLR_1199228MQ showed [Kh Kd] and won ($1.69) with two pair, Kings and Queens



PokerStars Hand #3435253650: Hold'em No Limit ($0.02/$0.05) - 2017/03/11 1:25:24
Table '#11428969' Seat #4 is the button
Seat 1: Hero ($7.77 in chips)
Seat 2: PLR_2717984WL ($2.42 in chips)
Seat 3: PLR_7283888OZ ($3.70 in chips)
Seat 4: PLR_5137884OV ($5.84 in chips)
Seat 5: PLR_3872538AB ($8.76 in chips)
Seat 7: PLR_8350214MM ($6.39 in chips)
Seat 9: PLR_1199228MQ ($5.65 in chips)
PLR_3872538AB: posts small blind $0.02
PLR_8350214MM: posts big blind $0.05
*** HOLE CARDS ***
Dealt to Hero [Jd 4c]
PLR_1199228MQ: folds
Hero: folds
PLR_2717984WL: folds
Table leave user
PLR_7283888OZ: raises $0.15 to $0.15
PLR_5137884OV: folds
PLR_3872538AB: calls $0.13 
PLR_8350214MM: folds
*** FLOP *** [Qc 4d 2s]
PLR_3872538AB: checks
PLR_7283888OZ: bets $0.17 
PLR_3872538AB: calls $0.17 
*** TURN *** [Qc 4d 2s] [7c]
PLR_3872538AB: checks
PLR_7283888OZ: checks
*** RIVER *** [Qc 4d 2s 7c] [6d]
PLR_3872538AB: bets $0.25 
PLR_7283888OZ: folds
Uncalled bet ($0.25) returned to PLR_3872538AB
PLR_3872538AB: doesn't show hand
PLR_3872538AB collected $0.66 from pot
*** SUMMARY ***
Total pot $0.69 | Rake $0.03
Board [Qc 4d 2s 7c 6d]
Seat 1: Hero showed
Seat 2: PLR_2717984WL showed
Seat 3: PLR_7283888OZ showed
Seat 4: PLR_5137884OV (button) showed
Seat 5: PLR_3872538AB (small blind) won ($0.66)
Seat 7: PLR_8350214MM (big blind) showed
Seat 9: PLR_1199228MQ showed



PokerStars Hand #3435254429: Hold'em No Limit ($0.02/$0.05) - 2017/03/11 1:27:07
Table '#11428969' Seat #5 is the button
Seat 1: Hero ($7.77 in chips)
Seat 2: PLR_2717984WL ($2.42 in chips)
Seat 3: PLR_7283888OZ ($3.38 in chips)
Seat 4: PLR_5137884OV ($5.84 in chips)
Seat 5: PLR_3872538AB ($9.10 in chips)
Seat 7: PLR_8350214MM ($6.34 in chips)
Seat 9: PLR_1199228MQ ($5.65 in chips)
PLR_8350214MM: posts small blind $0.02
PLR_1199228MQ: posts big blind $0.05
*** HOLE CARDS ***
Dealt to Hero [As 5h]
Hero: folds
PLR_2717984WL: folds
PLR_7283888OZ: raises $0.15 to $0.15
PLR_5137884OV: calls $0.15 
PLR_3872538AB: folds
PLR_8350214MM: folds
PLR_1199228MQ: folds
*** FLOP *** [Js 9h 4d]
PLR_7283888OZ: checks
PLR_5137884OV: bets $0.20 
PLR_7283888OZ: calls $0.20 
*** TURN *** [Js 9h 4d] [3c]
PLR_7283888OZ: checks
PLR_5137884OV: checks
*** RIVER *** [Js 9h 4d 3c] [5d]
PLR_7283888OZ: bets $0.38 
PLR_5137884OV: folds
Uncalled bet ($0.38) returned to PLR_7283888OZ
PLR_7283888OZ: doesn't show hand
PLR_7283888OZ collected $0.74 from pot
*** SUMMARY ***
Total pot $0.77 | Rake $0.03
Board [Js 9h 4d 3c 5d]
Seat 1: Hero showed
Seat 2: PLR_2717984WL showed
Seat 3: PLR_7283888OZ won ($0.74)
Seat 4: PLR_5137884OV showed
Seat 5: PLR_3872538AB (button) showed
Seat 7: PLR_8350214MM (small blind) showed
Seat 9: PLR_1199228MQ (big blind) showed



PokerStars Hand #3435255286: Hold'em No Limit ($0.02/$0.05) - 2017/03/11 1:29:00
Table '#11428969' Seat #7 is the button
Seat 1: Hero ($7.77 in chips)
Seat 2: PLR_2717984WL ($2.42 in chips)
Seat 3: PLR_7283888OZ ($3.77 in chips)
Seat 4: PLR_5137884OV ($5.49 in chips)
Seat 5: PLR_3872538AB ($9.10 in chips)
Seat 7: PLR_8350214MM ($6.32 in chips)
Seat 9: PLR_1199228MQ ($5.60 in chips)
PLR_1199228MQ: posts small blind $0.02
Hero: posts big blind $0.05
*** HOLE CARDS ***
Dealt to Hero [Jd 2c]
PLR_2717984WL: folds
PLR_7283888OZ: raises $0.15 to $0.15
PLR_5137884OV: calls $0.15 
Seat sit down
PLR_3872538AB: calls $0.15 
PLR_8350214MM: folds
Table deposit $5 
PLR_1199228MQ: folds
Hero: folds
*** FLOP *** [Ah Qs Ac]
PLR_7283888OZ: bets $0.26 
PLR_5137884OV: calls $0.26 
Seat sit down
Table deposit $4.12 
Table deposit $5 
PLR_3872538AB: folds
*** TURN *** [Ah Qs Ac] [8s]
Table leave user
PLR_7283888OZ: checks
PLR_5137884OV: checks
*** RIVER *** [Ah Qs Ac 8s] [6h]
Table leave user
PLR_7283888OZ: checks
PLR_5137884OV: bets $0.79 
PLR_7283888OZ: calls $0.79 
*** SHOW DOWN ***
PLR_5137884OV: shows [6d 6s] (a full house, Sixs full of Aces)
PLR_7283888OZ: shows [Qc Js] (Two pair)
PLR_5137884OV collected $2.49 from pot
*** SUMMARY ***
Total pot $2.62 | Rake $0.13
Board [Ah Qs Ac 8s 6h]
Seat 1: Hero (big blind) showed
Seat 2: PLR_2717984WL showed
Seat 3: PLR_7283888OZ showed [Qc Js]
Seat 4: PLR_5137884OV showed [6d 6s] and won ($2.49) with a full house, Sixes full of Aces
Seat 5: PLR_3872538AB showed
Seat 7: PLR_8350214MM (button) showed
Seat 9: PLR_1199228MQ (small blind) showed



PokerStars Hand #3435255880: Hold'em No Limit ($0.02/$0.05) - 2017/03/11 1:30:23
Table '#611428969' 6-max Seat #9 is the button
Seat 1: Hero ($7.72 in chips)
Seat 2: PLR_4558161FM ($5 in chips)
Seat 3: PLR_7283888OZ ($2.57 in chips)
Seat 4: PLR_5137884OV ($6.78 in chips)
Seat 5: PLR_3872538AB ($8.95 in chips)
Seat 7: PLR_8350214MM ($6.32 in chips)
Seat 9: PLR_1199228MQ ($5.58 in chips)
Hero: posts small blind $0.02
PLR_7283888OZ: posts big blind $0.05
*** HOLE CARDS ***
Dealt to Hero [3d Th]
PLR_5137884OV: folds
PLR_3872538AB: folds
PLR_8350214MM: folds
PLR_1199228MQ: raises $0.15 to $0.15
Hero: folds
PLR_7283888OZ: raises $0.42 to $0.47
PLR_1199228MQ: calls $0.32 
*** FLOP *** [6c 8d Jc]
Table leave user
PLR_7283888OZ: bets $0.48 
PLR_1199228MQ: calls $0.48 
*** TURN *** [6c 8d Jc] [As]
PLR_7283888OZ: bets $1.62 and is all-in
PLR_1199228MQ: folds
Uncalled bet ($1.62) returned to PLR_7283888OZ
PLR_4558161FM: Seat re-join
PLR_7283888OZ: doesn't show hand
PLR_7283888OZ collected $1.83 from pot
*** SUMMARY ***
Total pot $1.92 | Rake $0.09
Board [6c 8d Jc As]
Seat 1: Hero (small blind) showed
Seat 3: PLR_7283888OZ (big blind) won ($1.83)
Seat 4: PLR_5137884OV showed
Seat 5: PLR_3872538AB showed
Seat 7: PLR_8350214MM showed
Seat 9: PLR_1199228MQ (button) showed



PokerStars Hand #3435256486: Hold'em No Limit ($0.02/$0.05) - 2017/03/11 1:31:44
Table '#11428969' Seat #1 is the button
Seat 1: Hero ($7.70 in chips)
Seat 3: PLR_7283888OZ ($3.45 in chips)
Seat 4: PLR_5137884OV ($6.78 in chips)
Seat 5: PLR_3872538AB ($8.95 in chips)
Seat 7: PLR_8350214MM ($6.32 in chips)
Seat 8: PLR_3572516HX ($4.12 in chips)
Seat 9: PLR_1199228MQ ($4.63 in chips)
PLR_7283888OZ: posts small blind $0.02
PLR_5137884OV: posts big blind $0.05
PLR_3572516HX: posts big blind $0.05
*** HOLE CARDS ***
Dealt to Hero [5c 6d]
PLR_3872538AB: folds
PLR_8350214MM: folds
PLR_3572516HX: checks
PLR_1199228MQ: folds
Hero: raises $0.22 to $0.22
PLR_7283888OZ: folds
PLR_5137884OV: folds
PLR_3572516HX: folds
Uncalled bet ($0.17) returned to Hero
Hero: doesn't show hand
Hero collected $0.17 from pot
*** SUMMARY ***
Total pot $0.17 | Rake $0.00
Seat 1: Hero (button) won ($0.17)
Seat 3: PLR_7283888OZ (small blind) showed
Seat 4: PLR_5137884OV (big blind) showed
Seat 5: PLR_3872538AB showed
Seat 7: PLR_8350214MM showed
Seat 8: PLR_3572516HX showed
Seat 9: PLR_1199228MQ showed



PokerStars Hand #3435256819: Hold'em No Limit ($0.02/$0.05) - 2017/03/11 1:32:32
Table '#11428969' Seat #3 is the button
Seat 1: Hero ($7.82 in chips)
Seat 2: PLR_4558161FM ($5 in chips)
Seat 3: PLR_7283888OZ ($3.43 in chips)
Seat 4: PLR_5137884OV ($6.73 in chips)
Seat 5: PLR_3872538AB ($8.95 in chips)
Seat 7: PLR_8350214MM ($6.32 in chips)
Seat 8: PLR_3572516HX ($4.07 in chips)
Seat 9: PLR_1199228MQ ($4.63 in chips)
PLR_5137884OV: posts small blind $0.02
PLR_3872538AB: posts big blind $0.05
PLR_4558161FM: posts big blind $0.05
*** HOLE CARDS ***
Dealt to Hero [5s 9c]
PLR_8350214MM: folds
PLR_3572516HX: calls $0.05 
PLR_1199228MQ: folds
Hero: folds
PLR_4558161FM: checks
PLR_7283888OZ: folds
PLR_5137884OV: folds
PLR_3872538AB: checks
*** FLOP *** [5c Qs Th]
PLR_3872538AB: checks
PLR_3572516HX: checks
PLR_4558161FM: checks
*** TURN *** [5c Qs Th] [8d]
PLR_3872538AB: checks
PLR_3572516HX: checks
PLR_4558161FM: checks
*** RIVER *** [5c Qs Th 8d] [Ks]
PLR_3872538AB: checks
PLR_3572516HX: bets $0.15 
PLR_4558161FM: folds
PLR_3872538AB: folds
Uncalled bet ($0.15) returned to PLR_3572516HX
PLR_3572516HX: doesn't show hand
PLR_3572516HX collected $0.17 from pot
*** SUMMARY ***
Total pot $0.17 | Rake $0.00
Board [5c Qs Th 8d Ks]
Seat 1: Hero showed
Seat 2: PLR_4558161FM showed
Seat 3: PLR_7283888OZ (button) showed
Seat 4: PLR_5137884OV (small blind) showed
Seat 5: PLR_3872538AB (big blind) showed
Seat 7: PLR_8350214MM showed
Seat 8: PLR_3572516HX won ($0.17)
Seat 9: PLR_1199228MQ showed



PokerStars Hand #3435257667: Hold'em No Limit ($0.02/$0.05) - 2017/03/11 1:34:33
Table '#11428969' Seat #4 is the button
Seat 1: Hero ($7.82 in chips)
Seat 2: PLR_4558161FM ($4.95 in chips)
Seat 3: PLR_7283888OZ ($3.43 in chips)
Seat 4: PLR_5137884OV ($6.71 in chips)
Seat 5: PLR_3872538AB ($8.90 in chips)
Seat 6: PLR_8298212TQ ($5 in chips)
Seat 7: PLR_8350214MM ($6.32 in chips)
Seat 8: PLR_3572516HX ($4.19 in chips)
Seat 9: PLR_1199228MQ ($4.63 in chips)
PLR_3872538AB: posts small blind $0.02
PLR_8298212TQ: posts big blind $0.05
*** HOLE CARDS ***
Dealt to Hero [Td Ah]
PLR_8350214MM: folds
PLR_3572516HX: raises $0.19 to $0.19
PLR_1199228MQ: folds
Hero: calls $0.19 
PLR_4558161FM: folds
PLR_7283888OZ: folds
PLR_5137884OV: folds
PLR_3872538AB: folds
PLR_8298212TQ: folds
*** FLOP *** [3s 8h 7h]
PLR_3572516HX: checks
Hero: bets $0.27 
PLR_3572516HX: folds
Uncalled bet ($0.27) returned to Hero
Hero: doesn't show hand
Hero collected $0.43 from pot
*** SUMMARY ***
Total pot $0.45 | Rake $0.02
Board [3s 8h 7h]
Seat 1: Hero won ($0.43)
Seat 2: PLR_4558161FM showed
Seat 3: PLR_7283888OZ showed
Seat 4: PLR_5137884OV (button) showed
Seat 5: PLR_3872538AB (small blind) showed
Seat 6: PLR_8298212TQ (big blind) showed
Seat 7: PLR_8350214MM showed
Seat 8: PLR_3572516HX showed
Seat 9: PLR_1199228MQ showed



PokerStars Hand #3435258214: Hold'em No Limit ($0.02/$0.05) - 2017/03/11 1:35:53
Table '#11428969' Seat #5 is the button
Seat 1: Hero ($8.06 in chips)
Seat 2: PLR_4558161FM ($4.95 in chips)
Seat 3: PLR_7283888OZ ($3.43 in chips)
Seat 4: PLR_5137884OV ($6.71 in chips)
Seat 5: PLR_3872538AB ($8.88 in chips)
Seat 6: PLR_8298212TQ ($4.95 in chips)
Seat 7: PLR_8350214MM ($6.32 in chips)
Seat 8: PLR_3572516HX ($4 in chips)
Seat 9: PLR_1199228MQ ($4.63 in chips)
PLR_8298212TQ: posts small blind $0.02
PLR_8350214MM: posts big blind $0.05
*** HOLE CARDS ***
Dealt to Hero [Kh 3h]
PLR_3572516HX: folds
PLR_1199228MQ: raises $0.15 to $0.15
Hero: folds
PLR_4558161FM: folds
PLR_7283888OZ: folds
PLR_5137884OV: folds
PLR_3872538AB: calls $0.15 
PLR_8298212TQ: folds
PLR_8350214MM: folds
*** FLOP *** [Ac 6h Ts]
PLR_1199228MQ: bets $0.20 
PLR_3872538AB: calls $0.20 
*** TURN *** [Ac 6h Ts] [Ks]
PLR_1199228MQ: checks
PLR_3872538AB: bets $0.20 
PLR_1199228MQ: calls $0.20 
*** RIVER *** [Ac 6h Ts Ks] [4h]
PLR_1199228MQ: bets $0.65 
PLR_3872538AB: calls $0.65 
*** SHOW DOWN ***
PLR_1199228MQ: shows [7h 7d] (a pair of Sevens)
PLR_3872538AB: shows [Jh As] (a pair of Aces)
PLR_3872538AB collected $2.35 from pot
*** SUMMARY ***
Total pot $2.47 | Rake $0.12
Board [Ac 6h Ts Ks 4h]
Seat 1: Hero showed
Seat 2: PLR_4558161FM showed
Seat 3: PLR_7283888OZ showed
Seat 4: PLR_5137884OV showed
Seat 5: PLR_3872538AB (button) showed [Jh As] and won ($2.35) with a pair of Aces
Seat 6: PLR_8298212TQ (small blind) showed
Seat 7: PLR_8350214MM (big blind) showed
Seat 8: PLR_3572516HX showed
Seat 9: PLR_1199228MQ showed [7h 7d] and lost with a pair of Sevens



PokerStars Hand #3435258945: Hold'em No Limit ($0.02/$0.05) - 2017/03/11 1:37:39
Table '#11428969' Seat #6 is the button
Seat 1: Hero ($8.06 in chips)
Seat 2: PLR_4558161FM ($4.95 in chips)
Seat 3: PLR_7283888OZ ($3.43 in chips)
Seat 4: PLR_5137884OV ($6.71 in chips)
Seat 5: PLR_3872538AB ($10.03 in chips)
Seat 6: PLR_8298212TQ ($4.93 in chips)
Seat 7: PLR_8350214MM ($6.27 in chips)
Seat 8: PLR_3572516HX ($4 in chips)
Seat 9: PLR_1199228MQ ($3.43 in chips)
PLR_8350214MM: posts small blind $0.02
PLR_3572516HX: posts big blind $0.05
*** HOLE CARDS ***
Dealt to Hero [2c As]
PLR_1199228MQ: folds
Hero: folds
PLR_4558161FM: calls $0.05 
PLR_7283888OZ: folds
PLR_5137884OV: raises $0.20 to $0.20
PLR_3872538AB: calls $0.20 
PLR_8298212TQ: calls $0.20 
PLR_8350214MM: folds
PLR_3572516HX: calls $0.15 
PLR_4558161FM: calls $0.15 
*** FLOP *** [3s Ks Kc]
PLR_3572516HX: checks
PLR_4558161FM: checks
PLR_5137884OV: checks
PLR_3872538AB: checks
PLR_8298212TQ: checks
*** TURN *** [3s Ks Kc] [9c]
PLR_3572516HX: checks
PLR_4558161FM: checks
PLR_5137884OV: bets $0.77 
PLR_3872538AB: calls $0.77 
PLR_8298212TQ: folds
PLR_3572516HX: folds
PLR_4558161FM: folds
*** RIVER *** [3s Ks Kc 9c] [4c]
PLR_5137884OV: bets $1.03 
PLR_3872538AB: calls $1.03 
*** SHOW DOWN ***
PLR_5137884OV: shows [Qc Qd] (two pair, Kings and Nines)
PLR_3872538AB: shows [Kd Ac] (three of a kind, Kings)
PLR_3872538AB collected $4.39 from pot
*** SUMMARY ***
Total pot $4.62 | Rake $0.23
Board [3s Ks Kc 9c 4c]
Seat 1: Hero showed
Seat 2: PLR_4558161FM showed
Seat 3: PLR_7283888OZ showed
Seat 4: PLR_5137884OV showed [Qc Qd] and lost with two pair, Kings and Nines
Seat 5: PLR_3872538AB showed [Kd Ac] and won ($4.39) with three of a kind, Kings
Seat 6: PLR_8298212TQ (button) showed
Seat 7: PLR_8350214MM (small blind) showed
Seat 8: PLR_3572516HX (big blind) showed
Seat 9: PLR_1199228MQ showed



PokerStars Hand #3435260073: Hold'em No Limit ($0.02/$0.05) - 2017/03/11 1:40:26
Table '#11428969' Seat #7 is the button
Seat 1: Hero ($8.06 in chips)
Seat 2: PLR_4558161FM ($4.75 in chips)
Seat 3: PLR_7283888OZ ($3.43 in chips)
Seat 4: PLR_5137884OV ($4.71 in chips)
Seat 5: PLR_3872538AB ($12.42 in chips)
Seat 6: PLR_8298212TQ ($4.73 in chips)
Seat 7: PLR_8350214MM ($6.25 in chips)
Seat 8: PLR_3572516HX ($3.80 in chips)
PLR_3572516HX: posts small blind $0.02
Hero: posts big blind $0.05
*** HOLE CARDS ***
Dealt to Hero [3s Td]
PLR_4558161FM: folds
PLR_7283888OZ: raises $0.15 to $0.15
PLR_5137884OV: folds
PLR_3872538AB: folds
PLR_8298212TQ: folds 
PLR_8350214MM: calls $0.15 
PLR_3572516HX: folds
PLR_8298212TQ: Seat re-join
Hero: folds
*** FLOP *** [Th 4d 9s]
PLR_7283888OZ: bets $0.18 
PLR_8350214MM: calls $0.18 
*** TURN *** [Th 4d 9s] [5h]
PLR_7283888OZ: bets $0.36 
PLR_8350214MM: calls $0.36 
*** RIVER *** [Th 4d 9s 5h] [Kh]
PLR_7283888OZ: bets $0.72 
PLR_8350214MM: folds
Uncalled bet ($0.72) returned to PLR_7283888OZ
PLR_7283888OZ: doesn't show hand
PLR_7283888OZ collected $1.38 from pot
*** SUMMARY ***
Total pot $1.45 | Rake $0.07
Board [Th 4d 9s 5h Kh]
Seat 1: Hero (big blind) showed
Seat 2: PLR_4558161FM showed
Seat 3: PLR_7283888OZ won ($1.38)
Seat 4: PLR_5137884OV showed
Seat 5: PLR_3872538AB showed
Seat 6: PLR_8298212TQ showed
Seat 7: PLR_8350214MM (button) showed
Seat 8: PLR_3572516HX (small blind) showed




